,day,timestamp,product,bid_price_1,bid_volume_1,bid_price_2,bid_volume_2,bid_price_3,bid_volume_3,ask_price_1,ask_volume_1,ask_price_2,ask_volume_2,ask_price_3,ask_volume_3,mid_price,profit_and_loss
0,-2,0,STARFRUIT,4997,26,,,,,5003,26,,,,,5000.0,0.0
1,-2,100,STARFRUIT,5000,5,4998.0,6.0,4997.0,20.0,5004,20,,,,,5002.0,0.0
2,-2,200,STARFRUIT,4997,1,4996.0,30.0,,,5003,31,,,,,5000.0,0.0
3,-2,300,STARFRUIT,4996,27,,,,,5003,27,,,,,4999.5,0.0
4,-2,400,STARFRUIT,4995,20,,,,,5002,20,,,,,4998.5,0.0
5,-2,500,STARFRUIT,5001,1,4996.0,30.0,,,5003,30,,,,,5002.0,0.0
6,-2,600,STARFRUIT,4996,30,,,,,5003,30,,,,,4999.5,0.0
7,-2,700,STARFRUIT,4997,1,4996.0,27.0,,,5003,28,,,,,5000.0,0.0
8,-2,800,STARFRUIT,5002,1,4997.0,23.0,,,5003,2,5004.0,21.0,,,5002.5,0.0
9,-2,900,STARFRUIT,5001,2,4997.0,30.0,,,5004,30,,,,,5002.5,0.0
10,-2,1000,STARFRUIT,4997,2,4996.0,22.0,,,5001,8,5003.0,24.0,,,4999.0,0.0
11,-2,1100,STARFRUIT,4997,25,,,,,5002,3,5004.0,26.0,,,4999.5,0.0
12,-2,1200,STARFRUIT,4997,28,,,,,5003,1,5004.0,27.0,,,5000.0,0.0
13,-2,1300,STARFRUIT,5000,3,4997.0,23.0,,,5004,23,,,,,5002.0,0.0
14,-2,1400,STARFRUIT,4996,26,,,,,5001,2,5003.0,26.0,,,4998.5,0.0
15,-2,1500,STARFRUIT,4997,2,4996.0,25.0,,,5003,27,,,,,5000.0,0.0
16,-2,1600,STARFRUIT,4997,1,4996.0,23.0,,,5003,24,,,,,5000.0,0.0
17,-2,1700,STARFRUIT,4997,28,,,,,5002,2,5004.0,28.0,,,4999.5,0.0
18,-2,1800,STARFRUIT,4996,24,,,,,5001,1,5003.0,24.0,,,4998.5,0.0
19,-2,1900,STARFRUIT,5002,1,4997.0,1.0,4996.0,25.0,5003,26,,,,,5002.5,0.0
20,-2,2000,STARFRUIT,4996,31,,,,,5001,2,5003.0,31.0,,,4998.5,0.0
21,-2,2100,STARFRUIT,5001,4,4997.0,2.0,4996.0,20.0,5003,22,,,,,5002.0,0.0
22,-2,2200,STARFRUIT,4997,1,4996.0,25.0,,,5003,26,,,,,5000.0,0.0
23,-2,2300,STARFRUIT,4997,30,,,,,5003,2,5004.0,28.0,,,5000.0,0.0
24,-2,2400,STARFRUIT,4997,30,,,,,5004,30,,,,,5000.5,0.0
25,-2,2500,STARFRUIT,4996,21,,,,,5003,21,,,,,4999.5,0.0
26,-2,2600,STARFRUIT,4998,6,4997.0,22.0,,,5003,1,5004.0,21.0,,,5000.5,0.0
27,-2,2700,STARFRUIT,4998,27,,,,,5003,4,5004.0,1.0,5005.0,26.0,5000.5,0.0
28,-2,2800,STARFRUIT,4997,28,,,,,5004,28,,,,,5000.5,0.0
29,-2,2900,STARFRUIT,4996,30,,,,,5003,30,,,,,4999.5,0.0
30,-2,3000,STARFRUIT,4996,28,,,,,5002,2,5003.0,26.0,,,4999.0,0.0
31,-2,3100,STARFRUIT,5001,1,4997.0,1.0,4996.0,25.0,5003,25,,,,,5002.0,0.0
32,-2,3200,STARFRUIT,4996,28,,,,,5003,28,,,,,4999.5,0.0
33,-2,3300,STARFRUIT,4997,6,4996.0,20.0,,,5003,20,,,,,5000.0,0.0
34,-2,3400,STARFRUIT,4998,3,4997.0,23.0,,,5003,1,5004.0,22.0,,,5000.5,0.0
35,-2,3500,STARFRUIT,5002,1,4997.0,31.0,,,5004,31,,,,,5003.0,0.0
36,-2,3600,STARFRUIT,4997,26,,,,,5004,26,,,,,5000.5,0.0
37,-2,3700,STARFRUIT,4997,27,,,,,5004,27,,,,,5000.5,0.0
38,-2,3800,STARFRUIT,4998,2,4997.0,27.0,,,5004,27,,,,,5001.0,0.0
39,-2,3900,STARFRUIT,4997,26,,,,,5002,1,5003.0,1.0,5004.0,25.0,4999.5,0.0
40,-2,4000,STARFRUIT,4998,4,4997.0,27.0,,,5004,27,,,,,5001.0,0.0
41,-2,4100,STARFRUIT,4997,28,,,,,5002,5,5004.0,28.0,,,4999.5,0.0
42,-2,4200,STARFRUIT,4998,1,4997.0,23.0,,,5004,25,,,,,5001.0,0.0
43,-2,4300,STARFRUIT,4997,26,,,,,5004,26,,,,,5000.5,0.0
44,-2,4400,STARFRUIT,4997,29,,,,,5002,2,5003.0,1.0,5004.0,28.0,4999.5,0.0
45,-2,4500,STARFRUIT,4997,1,4996.0,29.0,,,5003,30,,,,,5000.0,0.0
46,-2,4600,STARFRUIT,4997,31,,,,,5004,31,,,,,5000.5,0.0
47,-2,4700,STARFRUIT,4997,30,,,,,5003,1,5004.0,29.0,,,5000.0,0.0
48,-2,4800,STARFRUIT,4997,26,,,,,5004,26,,,,,5000.5,0.0
49,-2,4900,STARFRUIT,4997,2,4996.0,22.0,,,5003,24,,,,,5000.0,0.0
50,-2,5000,STARFRUIT,4997,21,,,,,4998,3,5004.0,21.0,,,4997.5,0.0
51,-2,5100,STARFRUIT,4998,2,4997.0,29.0,,,5004,31,,,,,5001.0,0.0
52,-2,5200,STARFRUIT,4997,27,,,,,5003,2,5004.0,25.0,,,5000.0,0.0
53,-2,5300,STARFRUIT,4997,23,,,,,5004,23,,,,,5000.5,0.0
54,-2,5400,STARFRUIT,4998,1,4997.0,29.0,,,5004,30,,,,,5001.0,0.0
55,-2,5500,STARFRUIT,5002,4,4998.0,3.0,4997.0,28.0,5004,30,,,,,5003.0,0.0
56,-2,5600,STARFRUIT,5001,6,4998.0,32.0,,,5004,2,5005.0,30.0,,,5002.5,0.0
57,-2,5700,STARFRUIT,4999,29,,,,,5004,4,5006.0,29.0,,,5001.5,0.0
58,-2,5800,STARFRUIT,4999,28,,,,,5006,28,,,,,5002.5,0.0
59,-2,5900,STARFRUIT,4999,29,,,,,5005,1,5006.0,28.0,,,5002.0,0.0
60,-2,6000,STARFRUIT,4999,2,4998.0,21.0,,,5005,23,,,,,5002.0,0.0
61,-2,6100,STARFRUIT,4999,27,,,,,5005,1,5006.0,26.0,,,5002.0,0.0
62,-2,6200,STARFRUIT,5000,8,4999.0,25.0,,,5005,2,5006.0,23.0,,,5002.5,0.0
63,-2,6300,STARFRUIT,4998,26,,,,,5005,26,,,,,5001.5,0.0
64,-2,6400,STARFRUIT,4998,26,,,,,4999,1,5005.0,26.0,,,4998.5,0.0
65,-2,6500,STARFRUIT,4999,22,,,,,5005,1,5006.0,21.0,,,5002.0,0.0
66,-2,6600,STARFRUIT,4998,25,,,,,4999,1,5005.0,25.0,,,4998.5,0.0
67,-2,6700,STARFRUIT,4998,28,,,,,4999,4,5004.0,1.0,5005.0,27.0,4998.5,0.0
68,-2,6800,STARFRUIT,4998,8,4997.0,24.0,,,5003,1,5004.0,23.0,,,5000.5,0.0
69,-2,6900,STARFRUIT,4997,28,,,,,5004,28,,,,,5000.5,0.0
70,-2,7000,STARFRUIT,4997,24,,,,,5002,5,5004.0,24.0,,,4999.5,0.0
71,-2,7100,STARFRUIT,4998,26,,,,,4999,5,5005.0,26.0,,,4998.5,0.0
72,-2,7200,STARFRUIT,4998,27,,,,,5005,27,,,,,5001.5,0.0
73,-2,7300,STARFRUIT,4997,27,,,,,5004,28,,,,,5000.5,0.0
74,-2,7400,STARFRUIT,5003,1,4998.0,28.0,,,5005,28,,,,,5004.0,0.0
75,-2,7500,STARFRUIT,4998,26,,,,,5004,1,5005.0,25.0,,,5001.0,0.0
76,-2,7600,STARFRUIT,4997,30,,,,,5004,30,,,,,5000.5,0.0
77,-2,7700,STARFRUIT,4997,26,,,,,5004,26,,,,,5000.5,0.0
78,-2,7800,STARFRUIT,5002,1,4998.0,1.0,4997.0,21.0,5004,22,,,,,5003.0,0.0
79,-2,7900,STARFRUIT,4998,30,,,,,5004,1,5005.0,29.0,,,5001.0,0.0
80,-2,8000,STARFRUIT,4998,24,,,,,5005,24,,,,,5001.5,0.0
81,-2,8100,STARFRUIT,4998,21,,,,,5004,1,5005.0,20.0,,,5001.0,0.0
82,-2,8200,STARFRUIT,5003,1,4997.0,30.0,,,5004,30,,,,,5003.5,0.0
83,-2,8300,STARFRUIT,4999,2,4998.0,29.0,,,5005,29,,,,,5002.0,0.0
84,-2,8400,STARFRUIT,4998,25,,,,,5005,25,,,,,5001.5,0.0
85,-2,8500,STARFRUIT,4998,1,4997.0,23.0,,,5002,2,5004.0,24.0,,,5000.0,0.0
86,-2,8600,STARFRUIT,4998,1,4997.0,27.0,,,5004,28,,,,,5001.0,0.0
87,-2,8700,STARFRUIT,5002,9,4998.0,6.0,4997.0,24.0,5004,24,,,,,5003.0,0.0
88,-2,8800,STARFRUIT,5003,1,4997.0,20.0,,,5004,20,,,,,5003.5,0.0
89,-2,8900,STARFRUIT,4999,1,4998.0,27.0,,,5004,1,5005.0,26.0,,,5001.5,0.0
90,-2,9000,STARFRUIT,4997,31,,,,,5002,7,5004.0,31.0,,,4999.5,0.0
91,-2,9100,STARFRUIT,4998,24,,,,,5005,24,,,,,5001.5,0.0
92,-2,9200,STARFRUIT,4997,28,,,,,5004,28,,,,,5000.5,0.0
93,-2,9300,STARFRUIT,5001,5,4998.0,28.0,,,5004,2,5005.0,26.0,,,5002.5,0.0
94,-2,9400,STARFRUIT,4997,27,,,,,5002,7,5004.0,27.0,,,4999.5,0.0
95,-2,9500,STARFRUIT,4998,4,4997.0,25.0,,,5004,25,,,,,5001.0,0.0
96,-2,9600,STARFRUIT,5000,3,4998.0,4.0,4997.0,31.0,5004,31,,,,,5002.0,0.0
97,-2,9700,STARFRUIT,4997,30,,,,,5004,30,,,,,5000.5,0.0
98,-2,9800,STARFRUIT,4998,7,4997.0,25.0,,,5003,2,5004.0,23.0,,,5000.5,0.0
99,-2,9900,STARFRUIT,4997,2,4996.0,25.0,,,5001,1,5003.0,27.0,,,4999.0,0.0
100,-2,10000,STARFRUIT,4996,31,,,,,5003,31,,,,,4999.5,0.0
101,-2,10100,STARFRUIT,4998,6,4995.0,25.0,,,5002,25,,,,,5000.0,0.0
102,-2,10200,STARFRUIT,4996,1,4995.0,29.0,,,5002,30,,,,,4999.0,0.0
103,-2,10300,STARFRUIT,5001,1,4996.0,23.0,,,5003,23,,,,,5002.0,0.0
104,-2,10400,STARFRUIT,4996,23,,,,,5003,23,,,,,4999.5,0.0
105,-2,10500,STARFRUIT,4996,20,,,,,5003,20,,,,,4999.5,0.0
106,-2,10600,STARFRUIT,4997,30,,,,,5002,4,5004.0,30.0,,,4999.5,0.0
107,-2,10700,STARFRUIT,4997,29,,,,,5004,29,,,,,5000.5,0.0
108,-2,10800,STARFRUIT,4997,24,,,,,5004,24,,,,,5000.5,0.0
109,-2,10900,STARFRUIT,4998,22,,,,,5005,22,,,,,5001.5,0.0
110,-2,11000,STARFRUIT,4997,27,,,,,5004,27,,,,,5000.5,0.0
111,-2,11100,STARFRUIT,4998,29,,,,,5005,29,,,,,5001.5,0.0
112,-2,11200,STARFRUIT,4998,1,4997.0,20.0,,,5004,21,,,,,5001.0,0.0
113,-2,11300,STARFRUIT,4998,22,,,,,5004,2,5005.0,21.0,,,5001.0,0.0
114,-2,11400,STARFRUIT,4997,29,,,,,5004,30,,,,,5000.5,0.0
115,-2,11500,STARFRUIT,4997,24,,,,,5004,24,,,,,5000.5,0.0
116,-2,11600,STARFRUIT,4997,30,,,,,5004,30,,,,,5000.5,0.0
117,-2,11700,STARFRUIT,4997,23,,,,,5003,1,5004.0,22.0,,,5000.0,0.0
118,-2,11800,STARFRUIT,4998,2,4997.0,29.0,,,5004,31,,,,,5001.0,0.0
119,-2,11900,STARFRUIT,4998,23,,,,,5004,1,5005.0,22.0,,,5001.0,0.0
120,-2,12000,STARFRUIT,4998,30,,,,,4999,2,5004.0,2.0,5005.0,28.0,4998.5,0.0
121,-2,12100,STARFRUIT,4998,7,4997.0,21.0,,,5004,21,,,,,5001.0,0.0
122,-2,12200,STARFRUIT,4997,23,,,,,5004,23,,,,,5000.5,0.0
123,-2,12300,STARFRUIT,4997,28,,,,,5004,28,,,,,5000.5,0.0
124,-2,12400,STARFRUIT,4998,25,,,,,5005,25,,,,,5001.5,0.0
125,-2,12500,STARFRUIT,4999,1,4998.0,29.0,,,5005,29,,,,,5002.0,0.0
126,-2,12600,STARFRUIT,4998,27,,,,,5004,1,5005.0,26.0,,,5001.0,0.0
127,-2,12700,STARFRUIT,4998,1,4997.0,22.0,,,5004,23,,,,,5001.0,0.0
128,-2,12800,STARFRUIT,4997,20,,,,,5004,20,,,,,5000.5,0.0
129,-2,12900,STARFRUIT,5002,1,4997.0,20.0,,,5004,20,,,,,5003.0,0.0
130,-2,13000,STARFRUIT,5001,2,4997.0,1.0,4996.0,30.0,5003,31,,,,,5002.0,0.0
131,-2,13100,STARFRUIT,4999,6,4997.0,1.0,4996.0,21.0,5003,22,,,,,5001.0,0.0
132,-2,13200,STARFRUIT,4997,23,,,,,5003,1,5004.0,22.0,,,5000.0,0.0
133,-2,13300,STARFRUIT,4997,29,,,,,5004,29,,,,,5000.5,0.0
134,-2,13400,STARFRUIT,4997,28,,,,,5004,28,,,,,5000.5,0.0
135,-2,13500,STARFRUIT,4997,27,,,,,4998,1,5002.0,4.0,5004.0,27.0,4997.5,0.0
136,-2,13600,STARFRUIT,5000,3,4997.0,24.0,,,5004,24,,,,,5002.0,0.0
137,-2,13700,STARFRUIT,4998,21,,,,,5004,1,5005.0,20.0,,,5001.0,0.0
138,-2,13800,STARFRUIT,4998,22,,,,,5005,22,,,,,5001.5,0.0
139,-2,13900,STARFRUIT,4998,21,,,,,5005,21,,,,,5001.5,0.0
140,-2,14000,STARFRUIT,4997,25,,,,,5004,25,,,,,5000.5,0.0
141,-2,14100,STARFRUIT,4997,27,,,,,5004,27,,,,,5000.5,0.0
142,-2,14200,STARFRUIT,4998,2,4997.0,23.0,,,5004,25,,,,,5001.0,0.0
143,-2,14300,STARFRUIT,4997,25,,,,,4998,1,5004.0,25.0,,,4997.5,0.0
144,-2,14400,STARFRUIT,4997,20,,,,,5004,20,,,,,5000.5,0.0
145,-2,14500,STARFRUIT,4997,31,,,,,5003,1,5004.0,30.0,,,5000.0,0.0
146,-2,14600,STARFRUIT,4997,21,,,,,5004,21,,,,,5000.5,0.0
147,-2,14700,STARFRUIT,4997,20,,,,,5002,4,5004.0,20.0,,,4999.5,0.0
148,-2,14800,STARFRUIT,4998,3,4997.0,30.0,,,5004,30,,,,,5001.0,0.0
149,-2,14900,STARFRUIT,4998,1,4997.0,29.0,,,5004,29,,,,,5001.0,0.0
150,-2,15000,STARFRUIT,4998,23,,,,,5004,2,5005.0,21.0,,,5001.0,0.0
151,-2,15100,STARFRUIT,4997,29,,,,,5004,29,,,,,5000.5,0.0
152,-2,15200,STARFRUIT,4997,28,,,,,5004,28,,,,,5000.5,0.0
153,-2,15300,STARFRUIT,4997,26,,,,,5004,26,,,,,5000.5,0.0
154,-2,15400,STARFRUIT,4997,22,,,,,5004,22,,,,,5000.5,0.0
155,-2,15500,STARFRUIT,4997,25,,,,,5002,1,5003.0,1.0,5004.0,24.0,4999.5,0.0
156,-2,15600,STARFRUIT,4996,25,,,,,5003,25,,,,,4999.5,0.0
157,-2,15700,STARFRUIT,4997,31,,,,,5003,2,5004.0,29.0,,,5000.0,0.0
158,-2,15800,STARFRUIT,4997,21,,,,,5004,21,,,,,5000.5,0.0
159,-2,15900,STARFRUIT,4997,26,,,,,5004,26,,,,,5000.5,0.0
160,-2,16000,STARFRUIT,4997,22,,,,,5002,8,5004.0,22.0,,,4999.5,0.0
161,-2,16100,STARFRUIT,5002,1,4997.0,27.0,,,5003,2,5004.0,25.0,,,5002.5,0.0
162,-2,16200,STARFRUIT,4999,4,4997.0,5.0,4996.0,30.0,5003,30,,,,,5001.0,0.0
163,-2,16300,STARFRUIT,4996,30,,,,,5003,30,,,,,4999.5,0.0
164,-2,16400,STARFRUIT,4996,2,4995.0,27.0,,,4998,6,5002.0,29.0,,,4997.0,0.0
165,-2,16500,STARFRUIT,4996,27,,,,,5002,1,5003.0,26.0,,,4999.0,0.0
166,-2,16600,STARFRUIT,4996,23,,,,,5003,23,,,,,4999.5,0.0
167,-2,16700,STARFRUIT,4995,24,,,,,5002,24,,,,,4998.5,0.0
168,-2,16800,STARFRUIT,4996,21,,,,,5003,21,,,,,4999.5,0.0
169,-2,16900,STARFRUIT,4996,26,,,,,5003,26,,,,,4999.5,0.0
170,-2,17000,STARFRUIT,4996,29,,,,,5003,29,,,,,4999.5,0.0
171,-2,17100,STARFRUIT,4996,25,,,,,5003,25,,,,,4999.5,0.0
172,-2,17200,STARFRUIT,4996,29,,,,,4997,9,5003.0,30.0,,,4996.5,0.0
173,-2,17300,STARFRUIT,4996,25,,,,,5003,25,,,,,4999.5,0.0
174,-2,17400,STARFRUIT,4996,26,,,,,5003,26,,,,,4999.5,0.0
175,-2,17500,STARFRUIT,4997,3,4996.0,22.0,,,5003,22,,,,,5000.0,0.0
176,-2,17600,STARFRUIT,4997,2,4996.0,29.0,,,5003,31,,,,,5000.0,0.0
177,-2,17700,STARFRUIT,4996,2,4995.0,26.0,,,5002,28,,,,,4999.0,0.0
178,-2,17800,STARFRUIT,4996,30,,,,,5002,1,5003.0,29.0,,,4999.0,0.0
179,-2,17900,STARFRUIT,4995,22,,,,,5002,22,,,,,4998.5,0.0
180,-2,18000,STARFRUIT,4998,3,4996.0,1.0,4995.0,29.0,5002,30,,,,,5000.0,0.0
181,-2,18100,STARFRUIT,4996,26,,,,,5003,27,,,,,4999.5,0.0
182,-2,18200,STARFRUIT,4996,9,4995.0,28.0,,,5002,29,,,,,4999.0,0.0
183,-2,18300,STARFRUIT,4995,27,,,,,5000,8,5002.0,27.0,,,4997.5,0.0
184,-2,18400,STARFRUIT,4995,21,,,,,5002,21,,,,,4998.5,0.0
185,-2,18500,STARFRUIT,4995,26,,,,,5000,7,5002.0,26.0,,,4997.5,0.0
186,-2,18600,STARFRUIT,4996,30,,,,,5002,1,5003.0,30.0,,,4999.0,0.0
187,-2,18700,STARFRUIT,4999,3,4997.0,8.0,4996.0,32.0,5003,32,,,,,5001.0,0.0
188,-2,18800,STARFRUIT,4996,26,,,,,5002,2,5003.0,24.0,,,4999.0,0.0
189,-2,18900,STARFRUIT,4996,25,,,,,5001,5,5003.0,25.0,,,4998.5,0.0
190,-2,19000,STARFRUIT,4995,24,,,,,5002,24,,,,,4998.5,0.0
191,-2,19100,STARFRUIT,4996,1,4995.0,23.0,,,5000,8,5002.0,24.0,,,4998.0,0.0
192,-2,19200,STARFRUIT,4996,23,,,,,5003,24,,,,,4999.5,0.0
193,-2,19300,STARFRUIT,4996,31,,,,,5002,2,5003.0,29.0,,,4999.0,0.0
194,-2,19400,STARFRUIT,4995,22,,,,,5002,23,,,,,4998.5,0.0
195,-2,19500,STARFRUIT,4996,2,4995.0,29.0,,,5002,31,,,,,4999.0,0.0
196,-2,19600,STARFRUIT,4997,1,4996.0,21.0,,,5003,22,,,,,5000.0,0.0
197,-2,19700,STARFRUIT,4997,1,4996.0,25.0,,,5003,26,,,,,5000.0,0.0
198,-2,19800,STARFRUIT,4996,23,,,,,5003,23,,,,,4999.5,0.0
199,-2,19900,STARFRUIT,4997,2,4996.0,24.0,,,5003,26,,,,,5000.0,0.0
200,-2,20000,STARFRUIT,4996,28,,,,,5003,28,,,,,4999.5,0.0
201,-2,20100,STARFRUIT,4996,30,,,,,5001,7,5003.0,30.0,,,4998.5,0.0
202,-2,20200,STARFRUIT,4997,1,4996.0,28.0,,,5002,1,5003.0,27.0,,,4999.5,0.0
203,-2,20300,STARFRUIT,5002,1,4997.0,1.0,4996.0,25.0,5003,25,,,,,5002.5,0.0
204,-2,20400,STARFRUIT,4996,25,,,,,5003,25,,,,,4999.5,0.0
205,-2,20500,STARFRUIT,4996,25,,,,,5001,7,5003.0,25.0,,,4998.5,0.0
206,-2,20600,STARFRUIT,4996,21,,,,,5003,21,,,,,4999.5,0.0
207,-2,20700,STARFRUIT,4996,23,,,,,5002,1,5003.0,22.0,,,4999.0,0.0
208,-2,20800,STARFRUIT,4996,5,4995.0,23.0,,,5002,23,,,,,4999.0,0.0
209,-2,20900,STARFRUIT,4995,30,,,,,5002,30,,,,,4998.5,0.0
210,-2,21000,STARFRUIT,4996,1,4995.0,28.0,,,5002,29,,,,,4999.0,0.0
211,-2,21100,STARFRUIT,4996,1,4995.0,22.0,,,5002,23,,,,,4999.0,0.0
212,-2,21200,STARFRUIT,4996,1,4995.0,27.0,,,5002,28,,,,,4999.0,0.0
213,-2,21300,STARFRUIT,4996,2,4995.0,27.0,,,5002,29,,,,,4999.0,0.0
214,-2,21400,STARFRUIT,4996,23,,,,,5001,6,5002.0,2.0,5003.0,21.0,4998.5,0.0
215,-2,21500,STARFRUIT,4996,26,,,,,5002,1,5003.0,25.0,,,4999.0,0.0
216,-2,21600,STARFRUIT,4996,23,,,,,5001,8,5003.0,23.0,,,4998.5,0.0
217,-2,21700,STARFRUIT,4995,22,,,,,5002,22,,,,,4998.5,0.0
218,-2,21800,STARFRUIT,4996,27,,,,,5001,5,5003.0,27.0,,,4998.5,0.0
219,-2,21900,STARFRUIT,4996,21,,,,,5003,21,,,,,4999.5,0.0
220,-2,22000,STARFRUIT,4996,24,,,,,5003,24,,,,,4999.5,0.0
221,-2,22100,STARFRUIT,4998,2,4997.0,26.0,,,5004,26,,,,,5001.0,0.0
222,-2,22200,STARFRUIT,4997,27,,,,,5004,27,,,,,5000.5,0.0
223,-2,22300,STARFRUIT,4997,26,,,,,5004,27,,,,,5000.5,0.0
224,-2,22400,STARFRUIT,5002,1,4996.0,29.0,,,5003,29,,,,,5002.5,0.0
225,-2,22500,STARFRUIT,4997,5,4996.0,29.0,,,5003,30,,,,,5000.0,0.0
226,-2,22600,STARFRUIT,4997,22,,,,,4998,2,5002.0,7.0,5004.0,22.0,4997.5,0.0
227,-2,22700,STARFRUIT,4997,8,4996.0,27.0,,,5003,27,,,,,5000.0,0.0
228,-2,22800,STARFRUIT,4996,22,,,,,5002,2,5003.0,20.0,,,4999.0,0.0
229,-2,22900,STARFRUIT,4996,22,,,,,4998,2,5003.0,22.0,,,4997.0,0.0
230,-2,23000,STARFRUIT,4996,26,,,,,5003,26,,,,,4999.5,0.0
231,-2,23100,STARFRUIT,4996,22,,,,,5001,2,5002.0,1.0,5003.0,21.0,4998.5,0.0
232,-2,23200,STARFRUIT,4997,29,,,,,5004,29,,,,,5000.5,0.0
233,-2,23300,STARFRUIT,5001,4,4999.0,5.0,4998.0,22.0,5004,2,5005.0,20.0,,,5002.5,0.0
234,-2,23400,STARFRUIT,4998,21,,,,,5005,21,,,,,5001.5,0.0
235,-2,23500,STARFRUIT,4998,22,,,,,5005,22,,,,,5001.5,0.0
236,-2,23600,STARFRUIT,4999,4,4998.0,23.0,,,5005,23,,,,,5002.0,0.0
237,-2,23700,STARFRUIT,4997,27,,,,,5002,1,5004.0,27.0,,,4999.5,0.0
238,-2,23800,STARFRUIT,4998,2,4997.0,27.0,,,5004,29,,,,,5001.0,0.0
239,-2,23900,STARFRUIT,4997,23,,,,,5004,23,,,,,5000.5,0.0
240,-2,24000,STARFRUIT,5001,2,4997.0,2.0,4996.0,24.0,5003,26,,,,,5002.0,0.0
241,-2,24100,STARFRUIT,4996,31,,,,,5003,31,,,,,4999.5,0.0
242,-2,24200,STARFRUIT,4996,32,,,,,5001,5,5003.0,32.0,,,4998.5,0.0
243,-2,24300,STARFRUIT,4996,29,,,,,5003,29,,,,,4999.5,0.0
244,-2,24400,STARFRUIT,4997,4,4996.0,29.0,,,5003,29,,,,,5000.0,0.0
245,-2,24500,STARFRUIT,5002,1,4997.0,2.0,4996.0,20.0,5003,22,,,,,5002.5,0.0
246,-2,24600,STARFRUIT,4996,30,,,,,5003,30,,,,,4999.5,0.0
247,-2,24700,STARFRUIT,4996,27,,,,,5001,8,5003.0,27.0,,,4998.5,0.0
248,-2,24800,STARFRUIT,4995,23,,,,,5002,23,,,,,4998.5,0.0
249,-2,24900,STARFRUIT,4995,28,,,,,5002,28,,,,,4998.5,0.0
250,-2,25000,STARFRUIT,4995,24,,,,,5002,24,,,,,4998.5,0.0
251,-2,25100,STARFRUIT,5001,1,4995.0,24.0,,,5002,24,,,,,5001.5,0.0
252,-2,25200,STARFRUIT,4996,1,4995.0,25.0,,,5002,26,,,,,4999.0,0.0
253,-2,25300,STARFRUIT,4995,23,,,,,5000,2,5002.0,23.0,,,4997.5,0.0
254,-2,25400,STARFRUIT,4995,22,,,,,5002,22,,,,,4998.5,0.0
255,-2,25500,STARFRUIT,4995,2,4994.0,29.0,,,5001,31,,,,,4998.0,0.0
256,-2,25600,STARFRUIT,4994,31,,,,,4999,5,5001.0,31.0,,,4996.5,0.0
257,-2,25700,STARFRUIT,4995,30,,,,,5001,2,5002.0,28.0,,,4998.0,0.0
258,-2,25800,STARFRUIT,4998,3,4995.0,24.0,,,5002,24,,,,,5000.0,0.0
259,-2,25900,STARFRUIT,4995,25,,,,,5000,1,5001.0,1.0,5002.0,24.0,4997.5,0.0
260,-2,26000,STARFRUIT,4995,2,4994.0,24.0,,,5001,26,,,,,4998.0,0.0
261,-2,26100,STARFRUIT,4995,2,4994.0,21.0,,,5001,23,,,,,4998.0,0.0
262,-2,26200,STARFRUIT,4999,1,4994.0,30.0,,,5001,30,,,,,5000.0,0.0
263,-2,26300,STARFRUIT,4994,27,,,,,4999,1,5001.0,28.0,,,4996.5,0.0
264,-2,26400,STARFRUIT,4993,24,,,,,4994,1,5000.0,24.0,,,4993.5,0.0
265,-2,26500,STARFRUIT,4993,26,,,,,5000,26,,,,,4996.5,0.0
266,-2,26600,STARFRUIT,4993,23,,,,,5000,23,,,,,4996.5,0.0
267,-2,26700,STARFRUIT,4996,2,4993.0,23.0,,,4998,3,4999.0,1.0,5000.0,22.0,4997.0,0.0
268,-2,26800,STARFRUIT,4998,1,4992.0,22.0,,,4999,22,,,,,4998.5,0.0
269,-2,26900,STARFRUIT,4991,26,,,,,4998,26,,,,,4994.5,0.0
270,-2,27000,STARFRUIT,4991,21,,,,,4993,4,4998.0,21.0,,,4992.0,0.0
271,-2,27100,STARFRUIT,4991,30,,,,,4998,30,,,,,4994.5,0.0
272,-2,27200,STARFRUIT,4991,27,,,,,4996,4,4998.0,28.0,,,4993.5,0.0
273,-2,27300,STARFRUIT,4991,30,,,,,4998,30,,,,,4994.5,0.0
274,-2,27400,STARFRUIT,4991,23,,,,,4994,6,4998.0,23.0,,,4992.5,0.0
275,-2,27500,STARFRUIT,4992,28,,,,,4998,2,4999.0,26.0,,,4995.0,0.0
276,-2,27600,STARFRUIT,4992,30,,,,,4997,1,4998.0,1.0,4999.0,29.0,4994.5,0.0
277,-2,27700,STARFRUIT,4995,3,4992.0,27.0,,,4999,27,,,,,4997.0,0.0
278,-2,27800,STARFRUIT,4992,24,,,,,4998,1,4999.0,23.0,,,4995.0,0.0
279,-2,27900,STARFRUIT,4992,23,,,,,4999,23,,,,,4995.5,0.0
280,-2,28000,STARFRUIT,4992,29,,,,,4999,29,,,,,4995.5,0.0
281,-2,28100,STARFRUIT,4992,24,,,,,4995,5,4999.0,24.0,,,4993.5,0.0
282,-2,28200,STARFRUIT,4993,1,4992.0,25.0,,,4999,25,,,,,4996.0,0.0
283,-2,28300,STARFRUIT,4992,27,,,,,4997,7,4999.0,27.0,,,4994.5,0.0
284,-2,28400,STARFRUIT,4992,2,4991.0,23.0,,,4998,25,,,,,4995.0,0.0
285,-2,28500,STARFRUIT,4991,27,,,,,4998,27,,,,,4994.5,0.0
286,-2,28600,STARFRUIT,4991,26,,,,,4998,26,,,,,4994.5,0.0
287,-2,28700,STARFRUIT,4991,2,4990.0,32.0,,,4997,32,,,,,4994.0,0.0
288,-2,28800,STARFRUIT,4995,1,4990.0,29.0,,,4996,2,4997.0,27.0,,,4995.5,0.0
289,-2,28900,STARFRUIT,4989,22,,,,,4996,22,,,,,4992.5,0.0
290,-2,29000,STARFRUIT,4990,2,4989.0,24.0,,,4996,26,,,,,4993.0,0.0
291,-2,29100,STARFRUIT,4991,8,4990.0,22.0,,,4996,1,4997.0,21.0,,,4993.5,0.0
292,-2,29200,STARFRUIT,4995,2,4991.0,30.0,,,4998,30,,,,,4996.5,0.0
293,-2,29300,STARFRUIT,4992,3,4991.0,23.0,,,4997,23,,,,,4994.5,0.0
294,-2,29400,STARFRUIT,4991,25,,,,,4998,25,,,,,4994.5,0.0
295,-2,29500,STARFRUIT,4991,31,,,,,4998,31,,,,,4994.5,0.0
296,-2,29600,STARFRUIT,4991,24,,,,,4998,24,,,,,4994.5,0.0
297,-2,29700,STARFRUIT,4991,30,,,,,4997,1,4998.0,29.0,,,4994.0,0.0
298,-2,29800,STARFRUIT,4990,22,,,,,4997,22,,,,,4993.5,0.0
299,-2,29900,STARFRUIT,4990,29,,,,,4995,1,4996.0,2.0,4997.0,27.0,4992.5,0.0
300,-2,30000,STARFRUIT,4990,28,,,,,4997,28,,,,,4993.5,0.0
301,-2,30100,STARFRUIT,4993,6,4992.0,7.0,4991.0,21.0,4997,21,,,,,4995.0,0.0
302,-2,30200,STARFRUIT,4991,28,,,,,4997,1,4998.0,27.0,,,4994.0,0.0
303,-2,30300,STARFRUIT,4996,1,4992.0,2.0,4991.0,30.0,4998,30,,,,,4997.0,0.0
304,-2,30400,STARFRUIT,4991,29,,,,,4997,1,4998.0,29.0,,,4994.0,0.0
305,-2,30500,STARFRUIT,4991,20,,,,,4998,20,,,,,4994.5,0.0
306,-2,30600,STARFRUIT,4992,30,,,,,4998,1,4999.0,29.0,,,4995.0,0.0
307,-2,30700,STARFRUIT,4992,25,,,,,4998,1,4999.0,24.0,,,4995.0,0.0
308,-2,30800,STARFRUIT,4992,30,,,,,4998,1,4999.0,29.0,,,4995.0,0.0
309,-2,30900,STARFRUIT,4991,29,,,,,4992,1,4998.0,29.0,,,4991.5,0.0
310,-2,31000,STARFRUIT,4992,30,,,,,4997,2,4998.0,2.0,4999.0,28.0,4994.5,0.0
311,-2,31100,STARFRUIT,4992,25,,,,,4997,4,4999.0,25.0,,,4994.5,0.0
312,-2,31200,STARFRUIT,4992,25,,,,,4993,5,4997.0,1.0,4999.0,26.0,4992.5,0.0
313,-2,31300,STARFRUIT,4997,1,4992.0,23.0,,,4999,23,,,,,4998.0,0.0
314,-2,31400,STARFRUIT,4992,26,,,,,4999,26,,,,,4995.5,0.0
315,-2,31500,STARFRUIT,4992,32,,,,,4999,32,,,,,4995.5,0.0
316,-2,31600,STARFRUIT,4992,24,,,,,4998,24,,,,,4995.0,0.0
317,-2,31700,STARFRUIT,4996,1,4992.0,8.0,4991.0,26.0,4998,26,,,,,4997.0,0.0
318,-2,31800,STARFRUIT,4991,2,4990.0,23.0,,,4997,25,,,,,4994.0,0.0
319,-2,31900,STARFRUIT,4991,1,4990.0,29.0,,,4997,30,,,,,4994.0,0.0
320,-2,32000,STARFRUIT,4991,22,,,,,4992,1,4996.0,8.0,4998.0,22.0,4991.5,0.0
321,-2,32100,STARFRUIT,4991,22,,,,,4996,4,4997.0,1.0,4998.0,22.0,4993.5,0.0
322,-2,32200,STARFRUIT,4991,31,,,,,4997,1,4998.0,30.0,,,4994.0,0.0
323,-2,32300,STARFRUIT,4996,1,4995.0,3.0,4991.0,22.0,4998,22,,,,,4997.0,0.0
324,-2,32400,STARFRUIT,4991,30,,,,,4998,30,,,,,4994.5,0.0
325,-2,32500,STARFRUIT,4991,22,,,,,4996,1,4997.0,2.0,4998.0,20.0,4993.5,0.0
326,-2,32600,STARFRUIT,4990,23,,,,,4997,23,,,,,4993.5,0.0
327,-2,32700,STARFRUIT,4996,1,4991.0,31.0,,,4997,2,4998.0,29.0,,,4996.5,0.0
328,-2,32800,STARFRUIT,4991,2,4990.0,24.0,,,4993,5,4997.0,26.0,,,4992.0,0.0
329,-2,32900,STARFRUIT,4991,2,4990.0,30.0,,,4997,32,,,,,4994.0,0.0
330,-2,33000,STARFRUIT,4992,4,4991.0,26.0,,,4998,26,,,,,4995.0,0.0
331,-2,33100,STARFRUIT,4992,8,4991.0,27.0,,,4998,27,,,,,4995.0,0.0
332,-2,33200,STARFRUIT,4991,4,4990.0,21.0,,,4997,21,,,,,4994.0,0.0
333,-2,33300,STARFRUIT,4990,26,,,,,4991,8,4996.0,2.0,4997.0,24.0,4990.5,0.0
334,-2,33400,STARFRUIT,4990,30,,,,,4997,30,,,,,4993.5,0.0
335,-2,33500,STARFRUIT,4990,28,,,,,4997,28,,,,,4993.5,0.0
336,-2,33600,STARFRUIT,4990,26,,,,,4997,26,,,,,4993.5,0.0
337,-2,33700,STARFRUIT,4990,25,,,,,4996,1,4997.0,24.0,,,4993.0,0.0
338,-2,33800,STARFRUIT,4991,5,4990.0,20.0,,,4997,20,,,,,4994.0,0.0
339,-2,33900,STARFRUIT,4995,1,4990.0,21.0,,,4997,21,,,,,4996.0,0.0
340,-2,34000,STARFRUIT,4995,1,4990.0,26.0,,,4997,26,,,,,4996.0,0.0
341,-2,34100,STARFRUIT,4991,23,,,,,4998,23,,,,,4994.5,0.0
342,-2,34200,STARFRUIT,4991,23,,,,,4997,2,4998.0,21.0,,,4994.0,0.0
343,-2,34300,STARFRUIT,4990,29,,,,,4997,29,,,,,4993.5,0.0
344,-2,34400,STARFRUIT,4990,31,,,,,4996,31,,,,,4993.0,0.0
345,-2,34500,STARFRUIT,4991,3,4990.0,25.0,,,4997,25,,,,,4994.0,0.0
346,-2,34600,STARFRUIT,4990,28,,,,,4997,28,,,,,4993.5,0.0
347,-2,34700,STARFRUIT,4991,5,4990.0,29.0,,,4997,31,,,,,4994.0,0.0
348,-2,34800,STARFRUIT,4991,23,,,,,4996,4,4998.0,23.0,,,4993.5,0.0
349,-2,34900,STARFRUIT,4991,27,,,,,4992,1,4998.0,27.0,,,4991.5,0.0
350,-2,35000,STARFRUIT,4992,21,,,,,4993,4,4999.0,21.0,,,4992.5,0.0
351,-2,35100,STARFRUIT,4992,24,,,,,4998,2,4999.0,22.0,,,4995.0,0.0
352,-2,35200,STARFRUIT,4992,26,,,,,4997,5,4999.0,26.0,,,4994.5,0.0
353,-2,35300,STARFRUIT,4993,6,4992.0,21.0,,,4999,21,,,,,4996.0,0.0
354,-2,35400,STARFRUIT,4993,3,4992.0,22.0,,,4999,22,,,,,4996.0,0.0
355,-2,35500,STARFRUIT,4992,23,,,,,4999,23,,,,,4995.5,0.0
356,-2,35600,STARFRUIT,4993,27,,,,,5000,27,,,,,4996.5,0.0
357,-2,35700,STARFRUIT,4993,25,,,,,4994,1,5000.0,25.0,,,4993.5,0.0
358,-2,35800,STARFRUIT,4994,6,4993.0,27.0,,,5000,27,,,,,4997.0,0.0
359,-2,35900,STARFRUIT,4993,23,,,,,5000,23,,,,,4996.5,0.0
360,-2,36000,STARFRUIT,4993,28,,,,,5000,28,,,,,4996.5,0.0
361,-2,36100,STARFRUIT,4997,4,4993.0,29.0,,,5000,29,,,,,4998.5,0.0
362,-2,36200,STARFRUIT,4993,2,4992.0,28.0,,,4994,3,4999.0,30.0,,,4993.5,0.0
363,-2,36300,STARFRUIT,4992,25,,,,,4999,25,,,,,4995.5,0.0
364,-2,36400,STARFRUIT,4992,31,,,,,4999,31,,,,,4995.5,0.0
365,-2,36500,STARFRUIT,4992,24,,,,,4997,4,4999.0,24.0,,,4994.5,0.0
366,-2,36600,STARFRUIT,4993,29,,,,,5000,29,,,,,4996.5,0.0
367,-2,36700,STARFRUIT,4993,2,4992.0,30.0,,,4999,32,,,,,4996.0,0.0
368,-2,36800,STARFRUIT,4996,2,4993.0,24.0,,,4999,2,5000.0,22.0,,,4997.5,0.0
369,-2,36900,STARFRUIT,4992,23,,,,,4999,23,,,,,4995.5,0.0
370,-2,37000,STARFRUIT,4991,28,,,,,4998,28,,,,,4994.5,0.0
371,-2,37100,STARFRUIT,4991,20,,,,,4998,20,,,,,4994.5,0.0
372,-2,37200,STARFRUIT,4992,7,4991.0,29.0,,,4998,29,,,,,4995.0,0.0
373,-2,37300,STARFRUIT,4991,23,,,,,4992,1,4998.0,23.0,,,4991.5,0.0
374,-2,37400,STARFRUIT,4990,30,,,,,4997,30,,,,,4993.5,0.0
375,-2,37500,STARFRUIT,4991,1,4990.0,22.0,,,4997,23,,,,,4994.0,0.0
376,-2,37600,STARFRUIT,4991,23,,,,,4997,23,,,,,4994.0,0.0
377,-2,37700,STARFRUIT,4991,21,,,,,4998,21,,,,,4994.5,0.0
378,-2,37800,STARFRUIT,4991,22,,,,,4998,22,,,,,4994.5,0.0
379,-2,37900,STARFRUIT,4992,5,4991.0,24.0,,,4998,24,,,,,4995.0,0.0
380,-2,38000,STARFRUIT,4991,25,,,,,4998,25,,,,,4994.5,0.0
381,-2,38100,STARFRUIT,4991,27,,,,,4997,1,4998.0,26.0,,,4994.0,0.0
382,-2,38200,STARFRUIT,4991,22,,,,,4997,2,4998.0,20.0,,,4994.0,0.0
383,-2,38300,STARFRUIT,4991,22,,,,,4998,22,,,,,4994.5,0.0
384,-2,38400,STARFRUIT,4991,2,4990.0,24.0,,,4997,26,,,,,4994.0,0.0
385,-2,38500,STARFRUIT,4990,21,,,,,4997,21,,,,,4993.5,0.0
386,-2,38600,STARFRUIT,4991,2,4990.0,27.0,,,4997,29,,,,,4994.0,0.0
387,-2,38700,STARFRUIT,4994,4,4991.0,32.0,,,4996,8,4998.0,32.0,,,4995.0,0.0
388,-2,38800,STARFRUIT,4994,1,4991.0,24.0,,,4998,24,,,,,4996.0,0.0
389,-2,38900,STARFRUIT,4991,21,,,,,4992,1,4998.0,21.0,,,4991.5,0.0
390,-2,39000,STARFRUIT,4991,30,,,,,4998,30,,,,,4994.5,0.0
391,-2,39100,STARFRUIT,4992,25,,,,,4999,25,,,,,4995.5,0.0
392,-2,39200,STARFRUIT,4992,22,,,,,4999,22,,,,,4995.5,0.0
393,-2,39300,STARFRUIT,4993,1,4992.0,28.0,,,4997,2,4999.0,29.0,,,4995.0,0.0
394,-2,39400,STARFRUIT,4994,4,4993.0,26.0,,,4999,2,5000.0,24.0,,,4996.5,0.0
395,-2,39500,STARFRUIT,4998,1,4992.0,31.0,,,4999,31,,,,,4998.5,0.0
396,-2,39600,STARFRUIT,4992,28,,,,,4999,28,,,,,4995.5,0.0
397,-2,39700,STARFRUIT,4992,23,,,,,4998,2,4999.0,21.0,,,4995.0,0.0
398,-2,39800,STARFRUIT,4991,24,,,,,4993,4,4998.0,24.0,,,4992.0,0.0
399,-2,39900,STARFRUIT,4992,23,,,,,4999,23,,,,,4995.5,0.0
400,-2,40000,STARFRUIT,4992,27,,,,,4999,27,,,,,4995.5,0.0
401,-2,40100,STARFRUIT,4992,1,4991.0,26.0,,,4998,27,,,,,4995.0,0.0
402,-2,40200,STARFRUIT,4997,5,4992.0,29.0,,,4999,29,,,,,4998.0,0.0
403,-2,40300,STARFRUIT,4992,28,,,,,4994,2,4999.0,28.0,,,4993.0,0.0
404,-2,40400,STARFRUIT,4993,7,4992.0,30.0,,,4999,30,,,,,4996.0,0.0
405,-2,40500,STARFRUIT,4992,30,,,,,4999,30,,,,,4995.5,0.0
406,-2,40600,STARFRUIT,4993,2,4992.0,29.0,,,4999,29,,,,,4996.0,0.0
407,-2,40700,STARFRUIT,4996,3,4993.0,5.0,4992.0,24.0,4999,24,,,,,4997.5,0.0
408,-2,40800,STARFRUIT,4991,24,,,,,4998,24,,,,,4994.5,0.0
409,-2,40900,STARFRUIT,4991,23,,,,,4992,3,4998.0,23.0,,,4991.5,0.0
410,-2,41000,STARFRUIT,4996,2,4992.0,4.0,4991.0,24.0,4998,24,,,,,4997.0,0.0
411,-2,41100,STARFRUIT,4995,9,4990.0,26.0,,,4997,26,,,,,4996.0,0.0
412,-2,41200,STARFRUIT,4993,2,4990.0,25.0,,,4997,25,,,,,4995.0,0.0
413,-2,41300,STARFRUIT,4991,2,4990.0,28.0,,,4997,30,,,,,4994.0,0.0
414,-2,41400,STARFRUIT,4991,1,4990.0,30.0,,,4995,6,4997.0,31.0,,,4993.0,0.0
415,-2,41500,STARFRUIT,4991,2,4990.0,21.0,,,4993,6,4995.0,8.0,4997.0,23.0,4992.0,0.0
416,-2,41600,STARFRUIT,4990,23,,,,,4997,23,,,,,4993.5,0.0
417,-2,41700,STARFRUIT,4990,29,,,,,4997,29,,,,,4993.5,0.0
418,-2,41800,STARFRUIT,4990,31,,,,,4995,1,4996.0,2.0,4997.0,29.0,4992.5,0.0
419,-2,41900,STARFRUIT,4990,30,,,,,4993,3,4997.0,30.0,,,4991.5,0.0
420,-2,42000,STARFRUIT,4990,20,,,,,4997,20,,,,,4993.5,0.0
421,-2,42100,STARFRUIT,4991,6,4990.0,21.0,,,4997,21,,,,,4994.0,0.0
422,-2,42200,STARFRUIT,4990,22,,,,,4997,22,,,,,4993.5,0.0
423,-2,42300,STARFRUIT,4990,24,,,,,4995,4,4997.0,24.0,,,4992.5,0.0
424,-2,42400,STARFRUIT,4990,2,4989.0,25.0,,,4996,27,,,,,4993.0,0.0
425,-2,42500,STARFRUIT,4989,24,,,,,4996,24,,,,,4992.5,0.0
426,-2,42600,STARFRUIT,4989,24,,,,,4996,24,,,,,4992.5,0.0
427,-2,42700,STARFRUIT,4993,5,4990.0,5.0,4989.0,24.0,4995,1,4996.0,23.0,,,4994.0,0.0
428,-2,42800,STARFRUIT,4989,27,,,,,4995,2,4996.0,25.0,,,4992.0,0.0
429,-2,42900,STARFRUIT,4989,2,4988.0,26.0,,,4993,7,4995.0,28.0,,,4991.0,0.0
430,-2,43000,STARFRUIT,4990,21,,,,,4996,21,,,,,4993.0,0.0
431,-2,43100,STARFRUIT,4989,21,,,,,4994,3,4996.0,21.0,,,4991.5,0.0
432,-2,43200,STARFRUIT,4990,4,4989.0,28.0,,,4996,29,,,,,4993.0,0.0
433,-2,43300,STARFRUIT,4989,25,,,,,4996,25,,,,,4992.5,0.0
434,-2,43400,STARFRUIT,4989,28,,,,,4996,28,,,,,4992.5,0.0
435,-2,43500,STARFRUIT,4990,23,,,,,4996,2,4997.0,22.0,,,4993.0,0.0
436,-2,43600,STARFRUIT,4990,2,4989.0,20.0,,,4996,22,,,,,4993.0,0.0
437,-2,43700,STARFRUIT,4995,1,4990.0,30.0,,,4997,30,,,,,4996.0,0.0
438,-2,43800,STARFRUIT,4991,3,4990.0,27.0,,,4997,29,,,,,4994.0,0.0
439,-2,43900,STARFRUIT,4990,23,,,,,4997,24,,,,,4993.5,0.0
440,-2,44000,STARFRUIT,4991,1,4990.0,29.0,,,4995,3,4997.0,30.0,,,4993.0,0.0
441,-2,44100,STARFRUIT,4991,6,4990.0,30.0,,,4997,30,,,,,4994.0,0.0
442,-2,44200,STARFRUIT,4991,27,,,,,4998,27,,,,,4994.5,0.0
443,-2,44300,STARFRUIT,4991,28,,,,,4996,1,4998.0,28.0,,,4993.5,0.0
444,-2,44400,STARFRUIT,4991,23,,,,,4996,6,4997.0,2.0,4998.0,21.0,4993.5,0.0
445,-2,44500,STARFRUIT,4990,29,,,,,4995,1,4997.0,29.0,,,4992.5,0.0
446,-2,44600,STARFRUIT,4989,26,,,,,4996,26,,,,,4992.5,0.0
447,-2,44700,STARFRUIT,4995,1,4989.0,28.0,,,4996,28,,,,,4995.5,0.0
448,-2,44800,STARFRUIT,4994,9,4989.0,24.0,,,4996,24,,,,,4995.0,0.0
449,-2,44900,STARFRUIT,4989,1,4988.0,30.0,,,4995,30,,,,,4992.0,0.0
450,-2,45000,STARFRUIT,4988,25,,,,,4989,1,4995.0,25.0,,,4988.5,0.0
451,-2,45100,STARFRUIT,4988,26,,,,,4995,26,,,,,4991.5,0.0
452,-2,45200,STARFRUIT,4988,24,,,,,4995,24,,,,,4991.5,0.0
453,-2,45300,STARFRUIT,4988,30,,,,,4995,30,,,,,4991.5,0.0
454,-2,45400,STARFRUIT,4989,5,4988.0,25.0,,,4994,1,4995.0,24.0,,,4991.5,0.0
455,-2,45500,STARFRUIT,4993,1,4987.0,29.0,,,4994,29,,,,,4993.5,0.0
456,-2,45600,STARFRUIT,4987,27,,,,,4994,27,,,,,4990.5,0.0
457,-2,45700,STARFRUIT,4986,22,,,,,4993,22,,,,,4989.5,0.0
458,-2,45800,STARFRUIT,4987,5,4986.0,21.0,,,4992,1,4993.0,20.0,,,4989.5,0.0
459,-2,45900,STARFRUIT,4986,28,,,,,4991,3,4993.0,28.0,,,4988.5,0.0
460,-2,46000,STARFRUIT,4986,26,,,,,4991,1,4993.0,26.0,,,4988.5,0.0
461,-2,46100,STARFRUIT,4986,24,,,,,4992,1,4993.0,23.0,,,4989.0,0.0
462,-2,46200,STARFRUIT,4989,3,4986.0,20.0,,,4991,4,4993.0,20.0,,,4990.0,0.0
463,-2,46300,STARFRUIT,4987,3,4986.0,23.0,,,4993,23,,,,,4990.0,0.0
464,-2,46400,STARFRUIT,4986,26,,,,,4993,26,,,,,4989.5,0.0
465,-2,46500,STARFRUIT,4986,26,,,,,4993,26,,,,,4989.5,0.0
466,-2,46600,STARFRUIT,4986,22,,,,,4993,22,,,,,4989.5,0.0
467,-2,46700,STARFRUIT,4987,2,4986.0,27.0,,,4993,27,,,,,4990.0,0.0
468,-2,46800,STARFRUIT,4986,30,,,,,4989,5,4993.0,31.0,,,4987.5,0.0
469,-2,46900,STARFRUIT,4987,3,4986.0,31.0,,,4993,31,,,,,4990.0,0.0
470,-2,47000,STARFRUIT,4987,8,4986.0,29.0,,,4993,29,,,,,4990.0,0.0
471,-2,47100,STARFRUIT,4986,28,,,,,4993,28,,,,,4989.5,0.0
472,-2,47200,STARFRUIT,4992,1,4989.0,5.0,4987.0,1.0,4993,26,,,,,4992.5,0.0
473,-2,47300,STARFRUIT,4988,2,4987.0,29.0,,,4994,31,,,,,4991.0,0.0
474,-2,47400,STARFRUIT,4987,29,,,,,4988,1,4994.0,29.0,,,4987.5,0.0
475,-2,47500,STARFRUIT,4993,1,4988.0,27.0,,,4994,1,4995.0,26.0,,,4993.5,0.0
476,-2,47600,STARFRUIT,4992,8,4988.0,1.0,4987.0,26.0,4994,27,,,,,4993.0,0.0
477,-2,47700,STARFRUIT,4988,1,4987.0,22.0,,,4992,2,4994.0,24.0,,,4990.0,0.0
478,-2,47800,STARFRUIT,4988,25,,,,,4995,25,,,,,4991.5,0.0
479,-2,47900,STARFRUIT,4988,2,4987.0,24.0,,,4994,26,,,,,4991.0,0.0
480,-2,48000,STARFRUIT,4987,28,,,,,4994,28,,,,,4990.5,0.0
481,-2,48100,STARFRUIT,4992,10,4988.0,24.0,,,4994,24,,,,,4993.0,0.0
482,-2,48200,STARFRUIT,4988,25,,,,,4993,6,4994.0,1.0,4995.0,24.0,4990.5,0.0
483,-2,48300,STARFRUIT,4988,26,,,,,4995,26,,,,,4991.5,0.0
484,-2,48400,STARFRUIT,4988,30,,,,,4995,30,,,,,4991.5,0.0
485,-2,48500,STARFRUIT,4989,25,,,,,4996,25,,,,,4992.5,0.0
486,-2,48600,STARFRUIT,4989,23,,,,,4994,2,4995.0,2.0,4996.0,22.0,4991.5,0.0
487,-2,48700,STARFRUIT,4988,21,,,,,4989,1,4993.0,2.0,4995.0,21.0,4988.5,0.0
488,-2,48800,STARFRUIT,4988,25,,,,,4995,25,,,,,4991.5,0.0
489,-2,48900,STARFRUIT,4988,27,,,,,4994,1,4995.0,27.0,,,4991.0,0.0
490,-2,49000,STARFRUIT,4988,21,,,,,4994,1,4995.0,20.0,,,4991.0,0.0
491,-2,49100,STARFRUIT,4989,2,4988.0,28.0,,,4995,28,,,,,4992.0,0.0
492,-2,49200,STARFRUIT,4988,29,,,,,4995,29,,,,,4991.5,0.0
493,-2,49300,STARFRUIT,4988,4,4987.0,22.0,,,4994,22,,,,,4991.0,0.0
494,-2,49400,STARFRUIT,4987,21,,,,,4988,1,4994.0,21.0,,,4987.5,0.0
495,-2,49500,STARFRUIT,4993,1,4987.0,30.0,,,4994,30,,,,,4993.5,0.0
496,-2,49600,STARFRUIT,4987,30,,,,,4992,5,4994.0,30.0,,,4989.5,0.0
497,-2,49700,STARFRUIT,4988,6,4987.0,27.0,,,4994,27,,,,,4991.0,0.0
498,-2,49800,STARFRUIT,4987,26,,,,,4994,26,,,,,4990.5,0.0
499,-2,49900,STARFRUIT,4986,21,,,,,4991,1,4993.0,22.0,,,4988.5,0.0
500,-2,50000,STARFRUIT,4986,6,4985.0,27.0,,,4992,28,,,,,4989.0,0.0
501,-2,50100,STARFRUIT,4986,30,,,,,4993,30,,,,,4989.5,0.0
502,-2,50200,STARFRUIT,4986,2,4985.0,29.0,,,4992,31,,,,,4989.0,0.0
503,-2,50300,STARFRUIT,4988,1,4985.0,21.0,,,4992,21,,,,,4990.0,0.0
504,-2,50400,STARFRUIT,4986,5,4985.0,23.0,,,4992,23,,,,,4989.0,0.0
505,-2,50500,STARFRUIT,4986,2,4985.0,26.0,,,4992,28,,,,,4989.0,0.0
506,-2,50600,STARFRUIT,4985,22,,,,,4992,22,,,,,4988.5,0.0
507,-2,50700,STARFRUIT,4986,1,4985.0,26.0,,,4992,27,,,,,4989.0,0.0
508,-2,50800,STARFRUIT,4986,30,,,,,4993,30,,,,,4989.5,0.0
509,-2,50900,STARFRUIT,4986,26,,,,,4987,3,4992.0,2.0,4993.0,24.0,4986.5,0.0
510,-2,51000,STARFRUIT,4987,7,4986.0,27.0,,,4993,27,,,,,4990.0,0.0
511,-2,51100,STARFRUIT,4986,31,,,,,4991,6,4992.0,1.0,4993.0,30.0,4988.5,0.0
512,-2,51200,STARFRUIT,4986,2,4985.0,27.0,,,4992,29,,,,,4989.0,0.0
513,-2,51300,STARFRUIT,4990,1,4985.0,26.0,,,4992,26,,,,,4991.0,0.0
514,-2,51400,STARFRUIT,4986,2,4985.0,20.0,,,4990,8,4992.0,22.0,,,4988.0,0.0
515,-2,51500,STARFRUIT,4985,31,,,,,4992,31,,,,,4988.5,0.0
516,-2,51600,STARFRUIT,4985,32,,,,,4990,3,4992.0,32.0,,,4987.5,0.0
517,-2,51700,STARFRUIT,4985,2,4984.0,20.0,,,4991,21,,,,,4988.0,0.0
518,-2,51800,STARFRUIT,4985,22,,,,,4990,8,4992.0,22.0,,,4987.5,0.0
519,-2,51900,STARFRUIT,4986,1,4985.0,23.0,,,4992,24,,,,,4989.0,0.0
520,-2,52000,STARFRUIT,4986,1,4985.0,22.0,,,4992,23,,,,,4989.0,0.0
521,-2,52100,STARFRUIT,4990,2,4985.0,24.0,,,4992,24,,,,,4991.0,0.0
522,-2,52200,STARFRUIT,4985,25,,,,,4991,2,4992.0,24.0,,,4988.0,0.0
523,-2,52300,STARFRUIT,4988,3,4985.0,29.0,,,4991,1,4992.0,28.0,,,4989.5,0.0
524,-2,52400,STARFRUIT,4986,3,4985.0,21.0,,,4991,1,4992.0,20.0,,,4988.5,0.0
525,-2,52500,STARFRUIT,4984,31,,,,,4991,31,,,,,4987.5,0.0
526,-2,52600,STARFRUIT,4985,25,,,,,4990,7,4991.0,1.0,4992.0,24.0,4987.5,0.0
527,-2,52700,STARFRUIT,4985,21,,,,,4992,21,,,,,4988.5,0.0
528,-2,52800,STARFRUIT,4985,22,,,,,4992,22,,,,,4988.5,0.0
529,-2,52900,STARFRUIT,4984,25,,,,,4989,3,4991.0,25.0,,,4986.5,0.0
530,-2,53000,STARFRUIT,4984,22,,,,,4991,22,,,,,4987.5,0.0
531,-2,53100,STARFRUIT,4984,23,,,,,4991,23,,,,,4987.5,0.0
532,-2,53200,STARFRUIT,4984,28,,,,,4991,28,,,,,4987.5,0.0
533,-2,53300,STARFRUIT,4984,25,,,,,4989,6,4990.0,2.0,4991.0,23.0,4986.5,0.0
534,-2,53400,STARFRUIT,4984,28,,,,,4989,6,4991.0,28.0,,,4986.5,0.0
535,-2,53500,STARFRUIT,4990,1,4985.0,8.0,4984.0,21.0,4991,21,,,,,4990.5,0.0
536,-2,53600,STARFRUIT,4985,27,,,,,4991,2,4992.0,25.0,,,4988.0,0.0
537,-2,53700,STARFRUIT,4985,23,,,,,4992,23,,,,,4988.5,0.0
538,-2,53800,STARFRUIT,4985,25,,,,,4988,6,4990.0,3.0,4992.0,25.0,4986.5,0.0
539,-2,53900,STARFRUIT,4986,1,4985.0,30.0,,,4992,31,,,,,4989.0,0.0
540,-2,54000,STARFRUIT,4986,31,,,,,4991,3,4992.0,1.0,4993.0,30.0,4988.5,0.0
541,-2,54100,STARFRUIT,4986,27,,,,,4993,27,,,,,4989.5,0.0
542,-2,54200,STARFRUIT,4986,30,,,,,4993,30,,,,,4989.5,0.0
543,-2,54300,STARFRUIT,4986,24,,,,,4992,2,4993.0,22.0,,,4989.0,0.0
544,-2,54400,STARFRUIT,4986,30,,,,,4991,4,4992.0,1.0,4993.0,29.0,4988.5,0.0
545,-2,54500,STARFRUIT,4986,2,4985.0,22.0,,,4992,24,,,,,4989.0,0.0
546,-2,54600,STARFRUIT,4985,25,,,,,4986,1,4992.0,25.0,,,4985.5,0.0
547,-2,54700,STARFRUIT,4990,1,4984.0,25.0,,,4991,25,,,,,4990.5,0.0
548,-2,54800,STARFRUIT,4985,2,4984.0,29.0,,,4991,31,,,,,4988.0,0.0
549,-2,54900,STARFRUIT,4985,6,4984.0,25.0,,,4991,25,,,,,4988.0,0.0
550,-2,55000,STARFRUIT,4984,24,,,,,4985,2,4987.0,3.0,4990.0,1.0,4984.5,0.0
551,-2,55100,STARFRUIT,4985,7,4984.0,21.0,,,4991,21,,,,,4988.0,0.0
552,-2,55200,STARFRUIT,4984,21,,,,,4990,1,4991.0,20.0,,,4987.0,0.0
553,-2,55300,STARFRUIT,4984,29,,,,,4991,29,,,,,4987.5,0.0
554,-2,55400,STARFRUIT,4986,8,4985.0,28.0,,,4991,1,4992.0,27.0,,,4988.5,0.0
555,-2,55500,STARFRUIT,4984,31,,,,,4991,31,,,,,4987.5,0.0
556,-2,55600,STARFRUIT,4984,29,,,,,4985,1,4991.0,29.0,,,4984.5,0.0
557,-2,55700,STARFRUIT,4984,21,,,,,4991,21,,,,,4987.5,0.0
558,-2,55800,STARFRUIT,4984,22,,,,,4991,22,,,,,4987.5,0.0
559,-2,55900,STARFRUIT,4984,27,,,,,4990,1,4991.0,26.0,,,4987.0,0.0
560,-2,56000,STARFRUIT,4983,29,,,,,4990,29,,,,,4986.5,0.0
561,-2,56100,STARFRUIT,4983,23,,,,,4990,23,,,,,4986.5,0.0
562,-2,56200,STARFRUIT,4983,23,,,,,4988,7,4990.0,23.0,,,4985.5,0.0
563,-2,56300,STARFRUIT,4983,1,4982.0,29.0,,,4989,31,,,,,4986.0,0.0
564,-2,56400,STARFRUIT,4983,2,4982.0,25.0,,,4989,25,,,,,4986.0,0.0
565,-2,56500,STARFRUIT,4983,1,4982.0,22.0,,,4989,22,,,,,4986.0,0.0
566,-2,56600,STARFRUIT,4983,2,4982.0,26.0,,,4987,3,4989.0,28.0,,,4985.0,0.0
567,-2,56700,STARFRUIT,4983,2,4982.0,20.0,,,4989,22,,,,,4986.0,0.0
568,-2,56800,STARFRUIT,4982,25,,,,,4987,2,4989.0,25.0,,,4984.5,0.0
569,-2,56900,STARFRUIT,4983,1,4982.0,20.0,,,4989,21,,,,,4986.0,0.0
570,-2,57000,STARFRUIT,4983,32,,,,,4989,2,4990.0,30.0,,,4986.0,0.0
571,-2,57100,STARFRUIT,4983,24,,,,,4985,3,4990.0,24.0,,,4984.0,0.0
572,-2,57200,STARFRUIT,4984,24,,,,,4985,4,4990.0,24.0,,,4984.5,0.0
573,-2,57300,STARFRUIT,4983,21,,,,,4988,6,4990.0,21.0,,,4985.5,0.0
574,-2,57400,STARFRUIT,4990,1,4984.0,25.0,,,4991,25,,,,,4990.5,0.0
575,-2,57500,STARFRUIT,4985,25,,,,,4991,2,4992.0,23.0,,,4988.0,0.0
576,-2,57600,STARFRUIT,4985,2,4984.0,30.0,,,4989,3,4991.0,32.0,,,4987.0,0.0
577,-2,57700,STARFRUIT,4985,26,,,,,4991,26,,,,,4988.0,0.0
578,-2,57800,STARFRUIT,4984,28,,,,,4991,29,,,,,4987.5,0.0
579,-2,57900,STARFRUIT,4984,30,,,,,4990,2,4991.0,28.0,,,4987.0,0.0
580,-2,58000,STARFRUIT,4989,1,4986.0,3.0,4984.0,1.0,4990,23,,,,,4989.5,0.0
581,-2,58100,STARFRUIT,4983,28,,,,,4988,6,4990.0,28.0,,,4985.5,0.0
582,-2,58200,STARFRUIT,4983,26,,,,,4988,8,4990.0,26.0,,,4985.5,0.0
583,-2,58300,STARFRUIT,4983,22,,,,,4990,22,,,,,4986.5,0.0
584,-2,58400,STARFRUIT,4983,29,,,,,4990,29,,,,,4986.5,0.0
585,-2,58500,STARFRUIT,4984,1,4983.0,23.0,,,4990,23,,,,,4987.0,0.0
586,-2,58600,STARFRUIT,4983,29,,,,,4990,29,,,,,4986.5,0.0
587,-2,58700,STARFRUIT,4983,30,,,,,4990,30,,,,,4986.5,0.0
588,-2,58800,STARFRUIT,4982,21,,,,,4989,22,,,,,4985.5,0.0
589,-2,58900,STARFRUIT,4984,4,4983.0,26.0,,,4990,26,,,,,4987.0,0.0
590,-2,59000,STARFRUIT,4984,22,,,,,4991,22,,,,,4987.5,0.0
591,-2,59100,STARFRUIT,4984,2,4983.0,26.0,,,4988,6,4990.0,28.0,,,4986.0,0.0
592,-2,59200,STARFRUIT,4984,24,,,,,4991,24,,,,,4987.5,0.0
593,-2,59300,STARFRUIT,4983,24,,,,,4990,24,,,,,4986.5,0.0
594,-2,59400,STARFRUIT,4983,4,4982.0,27.0,,,4989,29,,,,,4986.0,0.0
595,-2,59500,STARFRUIT,4982,26,,,,,4989,26,,,,,4985.5,0.0
596,-2,59600,STARFRUIT,4983,28,,,,,4990,28,,,,,4986.5,0.0
597,-2,59700,STARFRUIT,4983,1,4982.0,20.0,,,4989,21,,,,,4986.0,0.0
598,-2,59800,STARFRUIT,4983,8,4982.0,24.0,,,4985,5,4989.0,24.0,,,4984.0,0.0
599,-2,59900,STARFRUIT,4983,22,,,,,4989,1,4990.0,22.0,,,4986.0,0.0
600,-2,60000,STARFRUIT,4987,1,4982.0,26.0,,,4989,26,,,,,4988.0,0.0
601,-2,60100,STARFRUIT,4987,10,4982.0,24.0,,,4989,24,,,,,4988.0,0.0
602,-2,60200,STARFRUIT,4983,1,4982.0,23.0,,,4987,3,4989.0,24.0,,,4985.0,0.0
603,-2,60300,STARFRUIT,4983,2,4982.0,26.0,,,4989,28,,,,,4986.0,0.0
604,-2,60400,STARFRUIT,4983,2,4982.0,20.0,,,4989,22,,,,,4986.0,0.0
605,-2,60500,STARFRUIT,4984,1,4983.0,29.0,,,4985,3,4988.0,2.0,4990.0,30.0,4984.5,0.0
606,-2,60600,STARFRUIT,4983,27,,,,,4984,1,4988.0,2.0,4990.0,27.0,4983.5,0.0
607,-2,60700,STARFRUIT,4984,8,4983.0,27.0,,,4990,27,,,,,4987.0,0.0
608,-2,60800,STARFRUIT,4983,21,,,,,4990,21,,,,,4986.5,0.0
609,-2,60900,STARFRUIT,4983,22,,,,,4989,22,,,,,4986.0,0.0
610,-2,61000,STARFRUIT,4982,22,,,,,4989,22,,,,,4985.5,0.0
611,-2,61100,STARFRUIT,4987,5,4983.0,29.0,,,4990,29,,,,,4988.5,0.0
612,-2,61200,STARFRUIT,4983,30,,,,,4989,1,4990.0,29.0,,,4986.0,0.0
613,-2,61300,STARFRUIT,4982,27,,,,,4987,7,4989.0,27.0,,,4984.5,0.0
614,-2,61400,STARFRUIT,4982,29,,,,,4987,5,4989.0,29.0,,,4984.5,0.0
615,-2,61500,STARFRUIT,4982,21,,,,,4989,21,,,,,4985.5,0.0
616,-2,61600,STARFRUIT,4982,27,,,,,4989,27,,,,,4985.5,0.0
617,-2,61700,STARFRUIT,4981,30,,,,,4988,30,,,,,4984.5,0.0
618,-2,61800,STARFRUIT,4986,5,4982.0,1.0,4981.0,25.0,4988,26,,,,,4987.0,0.0
619,-2,61900,STARFRUIT,4982,22,,,,,4988,2,4989.0,20.0,,,4985.0,0.0
620,-2,62000,STARFRUIT,4982,21,,,,,4988,1,4989.0,20.0,,,4985.0,0.0
621,-2,62100,STARFRUIT,4982,22,,,,,4989,22,,,,,4985.5,0.0
622,-2,62200,STARFRUIT,4981,29,,,,,4988,29,,,,,4984.5,0.0
623,-2,62300,STARFRUIT,4982,25,,,,,4987,8,4989.0,25.0,,,4984.5,0.0
624,-2,62400,STARFRUIT,4982,26,,,,,4989,26,,,,,4985.5,0.0
625,-2,62500,STARFRUIT,4983,28,,,,,4989,2,4990.0,26.0,,,4986.0,0.0
626,-2,62600,STARFRUIT,4984,28,,,,,4991,29,,,,,4987.5,0.0
627,-2,62700,STARFRUIT,4984,25,,,,,4990,2,4991.0,23.0,,,4987.0,0.0
628,-2,62800,STARFRUIT,4983,23,,,,,4990,23,,,,,4986.5,0.0
629,-2,62900,STARFRUIT,4984,29,,,,,4989,6,4990.0,1.0,4991.0,28.0,4986.5,0.0
630,-2,63000,STARFRUIT,4983,22,,,,,4984,9,4986.0,6.0,4988.0,3.0,4983.5,0.0
631,-2,63100,STARFRUIT,4983,24,,,,,4990,24,,,,,4986.5,0.0
632,-2,63200,STARFRUIT,4984,6,4983.0,28.0,,,4990,28,,,,,4987.0,0.0
633,-2,63300,STARFRUIT,4984,23,,,,,4991,23,,,,,4987.5,0.0
634,-2,63400,STARFRUIT,4984,1,4983.0,21.0,,,4990,22,,,,,4987.0,0.0
635,-2,63500,STARFRUIT,4983,22,,,,,4990,22,,,,,4986.5,0.0
636,-2,63600,STARFRUIT,4983,22,,,,,4989,2,4990.0,20.0,,,4986.0,0.0
637,-2,63700,STARFRUIT,4982,31,,,,,4989,31,,,,,4985.5,0.0
638,-2,63800,STARFRUIT,4983,1,4982.0,20.0,,,4989,21,,,,,4986.0,0.0
639,-2,63900,STARFRUIT,4982,27,,,,,4989,27,,,,,4985.5,0.0
640,-2,64000,STARFRUIT,4982,29,,,,,4988,1,4989.0,28.0,,,4985.0,0.0
641,-2,64100,STARFRUIT,4982,32,,,,,4987,6,4989.0,32.0,,,4984.5,0.0
642,-2,64200,STARFRUIT,4982,22,,,,,4989,22,,,,,4985.5,0.0
643,-2,64300,STARFRUIT,4982,29,,,,,4989,29,,,,,4985.5,0.0
644,-2,64400,STARFRUIT,4982,24,,,,,4989,24,,,,,4985.5,0.0
645,-2,64500,STARFRUIT,4983,1,4982.0,26.0,,,4989,26,,,,,4986.0,0.0
646,-2,64600,STARFRUIT,4982,25,,,,,4989,25,,,,,4985.5,0.0
647,-2,64700,STARFRUIT,4983,6,4982.0,29.0,,,4989,29,,,,,4986.0,0.0
648,-2,64800,STARFRUIT,4983,2,4982.0,25.0,,,4989,27,,,,,4986.0,0.0
649,-2,64900,STARFRUIT,4982,29,,,,,4987,7,4989.0,29.0,,,4984.5,0.0
650,-2,65000,STARFRUIT,4983,22,,,,,4988,2,4989.0,1.0,4990.0,21.0,4985.5,0.0
651,-2,65100,STARFRUIT,4983,26,,,,,4990,26,,,,,4986.5,0.0
652,-2,65200,STARFRUIT,4983,31,,,,,4989,2,4990.0,29.0,,,4986.0,0.0
653,-2,65300,STARFRUIT,4986,5,4984.0,1.0,4983.0,23.0,4990,23,,,,,4988.0,0.0
654,-2,65400,STARFRUIT,4983,20,,,,,4990,20,,,,,4986.5,0.0
655,-2,65500,STARFRUIT,4983,1,4982.0,21.0,,,4989,22,,,,,4986.0,0.0
656,-2,65600,STARFRUIT,4983,3,4982.0,30.0,,,4989,30,,,,,4986.0,0.0
657,-2,65700,STARFRUIT,4982,26,,,,,4987,4,4989.0,26.0,,,4984.5,0.0
658,-2,65800,STARFRUIT,4983,2,4982.0,30.0,,,4989,30,,,,,4986.0,0.0
659,-2,65900,STARFRUIT,4982,25,,,,,4989,25,,,,,4985.5,0.0
660,-2,66000,STARFRUIT,4983,1,4982.0,27.0,,,4989,28,,,,,4986.0,0.0
661,-2,66100,STARFRUIT,4982,25,,,,,4989,25,,,,,4985.5,0.0
662,-2,66200,STARFRUIT,4982,24,,,,,4983,8,4989.0,24.0,,,4982.5,0.0
663,-2,66300,STARFRUIT,4984,2,4983.0,27.0,,,4989,1,4990.0,26.0,,,4986.5,0.0
664,-2,66400,STARFRUIT,4983,25,,,,,4990,25,,,,,4986.5,0.0
665,-2,66500,STARFRUIT,4982,24,,,,,4989,24,,,,,4985.5,0.0
666,-2,66600,STARFRUIT,4983,6,4982.0,31.0,,,4989,31,,,,,4986.0,0.0
667,-2,66700,STARFRUIT,4983,21,,,,,4990,21,,,,,4986.5,0.0
668,-2,66800,STARFRUIT,4984,1,4983.0,28.0,,,4990,29,,,,,4987.0,0.0
669,-2,66900,STARFRUIT,4984,30,,,,,4987,4,4989.0,1.0,4990.0,1.0,4985.5,0.0
670,-2,67000,STARFRUIT,4985,6,4984.0,22.0,,,4991,22,,,,,4988.0,0.0
671,-2,67100,STARFRUIT,4984,8,4983.0,29.0,,,4990,29,,,,,4987.0,0.0
672,-2,67200,STARFRUIT,4989,1,4984.0,1.0,4983.0,23.0,4990,24,,,,,4989.5,0.0
673,-2,67300,STARFRUIT,4984,26,,,,,4991,26,,,,,4987.5,0.0
674,-2,67400,STARFRUIT,4983,27,,,,,4990,27,,,,,4986.5,0.0
675,-2,67500,STARFRUIT,4984,8,4983.0,29.0,,,4989,2,4990.0,27.0,,,4986.5,0.0
676,-2,67600,STARFRUIT,4983,32,,,,,4990,32,,,,,4986.5,0.0
677,-2,67700,STARFRUIT,4988,4,4983.0,29.0,,,4990,29,,,,,4989.0,0.0
678,-2,67800,STARFRUIT,4983,23,,,,,4988,3,4990.0,23.0,,,4985.5,0.0
679,-2,67900,STARFRUIT,4984,4,4983.0,30.0,,,4990,32,,,,,4987.0,0.0
680,-2,68000,STARFRUIT,4984,24,,,,,4989,2,4991.0,25.0,,,4986.5,0.0
681,-2,68100,STARFRUIT,4984,29,,,,,4990,1,4991.0,28.0,,,4987.0,0.0
682,-2,68200,STARFRUIT,4989,1,4983.0,20.0,,,4990,20,,,,,4989.5,0.0
683,-2,68300,STARFRUIT,4983,21,,,,,4984,1,4990.0,21.0,,,4983.5,0.0
684,-2,68400,STARFRUIT,4983,27,,,,,4990,27,,,,,4986.5,0.0
685,-2,68500,STARFRUIT,4984,25,,,,,4990,2,4991.0,23.0,,,4987.0,0.0
686,-2,68600,STARFRUIT,4984,27,,,,,4985,4,4990.0,2.0,4991.0,25.0,4984.5,0.0
687,-2,68700,STARFRUIT,4984,6,4983.0,25.0,,,4990,25,,,,,4987.0,0.0
688,-2,68800,STARFRUIT,4985,2,4984.0,26.0,,,4989,6,4991.0,28.0,,,4987.0,0.0
689,-2,68900,STARFRUIT,4990,1,4984.0,25.0,,,4991,25,,,,,4990.5,0.0
690,-2,69000,STARFRUIT,4984,23,,,,,4991,23,,,,,4987.5,0.0
691,-2,69100,STARFRUIT,4985,25,,,,,4991,25,,,,,4988.0,0.0
692,-2,69200,STARFRUIT,4985,26,,,,,4990,6,4992.0,26.0,,,4987.5,0.0
693,-2,69300,STARFRUIT,4990,8,4986.0,2.0,4985.0,28.0,4992,28,,,,,4991.0,0.0
694,-2,69400,STARFRUIT,4991,1,4985.0,22.0,,,4992,22,,,,,4991.5,0.0
695,-2,69500,STARFRUIT,4985,20,,,,,4992,20,,,,,4988.5,0.0
696,-2,69600,STARFRUIT,4986,1,4985.0,22.0,,,4991,1,4992.0,21.0,,,4988.5,0.0
697,-2,69700,STARFRUIT,4984,21,,,,,4991,21,,,,,4987.5,0.0
698,-2,69800,STARFRUIT,4990,1,4985.0,1.0,4984.0,26.0,4991,27,,,,,4990.5,0.0
699,-2,69900,STARFRUIT,4984,29,,,,,4991,29,,,,,4987.5,0.0
700,-2,70000,STARFRUIT,4985,2,4984.0,26.0,,,4991,28,,,,,4988.0,0.0
701,-2,70100,STARFRUIT,4984,24,,,,,4991,24,,,,,4987.5,0.0
702,-2,70200,STARFRUIT,4989,3,4985.0,31.0,,,4991,2,4992.0,29.0,,,4990.0,0.0
703,-2,70300,STARFRUIT,4985,29,,,,,4992,29,,,,,4988.5,0.0
704,-2,70400,STARFRUIT,4984,24,,,,,4985,7,4991.0,26.0,,,4984.5,0.0
705,-2,70500,STARFRUIT,4985,6,4984.0,23.0,,,4991,25,,,,,4988.0,0.0
706,-2,70600,STARFRUIT,4984,30,,,,,4991,30,,,,,4987.5,0.0
707,-2,70700,STARFRUIT,4983,22,,,,,4990,22,,,,,4986.5,0.0
708,-2,70800,STARFRUIT,4983,28,,,,,4990,28,,,,,4986.5,0.0
709,-2,70900,STARFRUIT,4983,26,,,,,4990,26,,,,,4986.5,0.0
710,-2,71000,STARFRUIT,4983,31,,,,,4990,31,,,,,4986.5,0.0
711,-2,71100,STARFRUIT,4983,25,,,,,4990,25,,,,,4986.5,0.0
712,-2,71200,STARFRUIT,4986,5,4983.0,28.0,,,4990,28,,,,,4988.0,0.0
713,-2,71300,STARFRUIT,4984,3,4983.0,29.0,,,4990,29,,,,,4987.0,0.0
714,-2,71400,STARFRUIT,4984,28,,,,,4991,29,,,,,4987.5,0.0
715,-2,71500,STARFRUIT,4985,2,4984.0,30.0,,,4991,30,,,,,4988.0,0.0
716,-2,71600,STARFRUIT,4984,20,,,,,4991,20,,,,,4987.5,0.0
717,-2,71700,STARFRUIT,4984,20,,,,,4991,20,,,,,4987.5,0.0
718,-2,71800,STARFRUIT,4989,1,4984.0,25.0,,,4990,2,4991.0,23.0,,,4989.5,0.0
719,-2,71900,STARFRUIT,4984,30,,,,,4985,2,4990.0,2.0,4991.0,28.0,4984.5,0.0
720,-2,72000,STARFRUIT,4983,26,,,,,4990,26,,,,,4986.5,0.0
721,-2,72100,STARFRUIT,4988,9,4984.0,1.0,4983.0,23.0,4990,24,,,,,4989.0,0.0
722,-2,72200,STARFRUIT,4984,24,,,,,4991,24,,,,,4987.5,0.0
723,-2,72300,STARFRUIT,4984,30,,,,,4991,30,,,,,4987.5,0.0
724,-2,72400,STARFRUIT,4985,2,4984.0,21.0,,,4991,23,,,,,4988.0,0.0
725,-2,72500,STARFRUIT,4986,2,4985.0,22.0,,,4990,7,4992.0,24.0,,,4988.0,0.0
726,-2,72600,STARFRUIT,4985,22,,,,,4990,4,4991.0,1.0,4992.0,21.0,4987.5,0.0
727,-2,72700,STARFRUIT,4985,23,,,,,4992,23,,,,,4988.5,0.0
728,-2,72800,STARFRUIT,4985,1,4984.0,25.0,,,4991,26,,,,,4988.0,0.0
729,-2,72900,STARFRUIT,4984,25,,,,,4989,3,4991.0,25.0,,,4986.5,0.0
730,-2,73000,STARFRUIT,4984,24,,,,,4991,24,,,,,4987.5,0.0
731,-2,73100,STARFRUIT,4984,26,,,,,4991,26,,,,,4987.5,0.0
732,-2,73200,STARFRUIT,4984,30,,,,,4990,2,4991.0,28.0,,,4987.0,0.0
733,-2,73300,STARFRUIT,4984,6,4983.0,30.0,,,4990,32,,,,,4987.0,0.0
734,-2,73400,STARFRUIT,4983,31,,,,,4990,31,,,,,4986.5,0.0
735,-2,73500,STARFRUIT,4983,20,,,,,4990,20,,,,,4986.5,0.0
736,-2,73600,STARFRUIT,4982,26,,,,,4989,26,,,,,4985.5,0.0
737,-2,73700,STARFRUIT,4982,30,,,,,4989,30,,,,,4985.5,0.0
738,-2,73800,STARFRUIT,4985,3,4983.0,1.0,4982.0,30.0,4989,30,,,,,4987.0,0.0
739,-2,73900,STARFRUIT,4982,26,,,,,4987,8,4989.0,27.0,,,4984.5,0.0
740,-2,74000,STARFRUIT,4982,29,,,,,4989,29,,,,,4985.5,0.0
741,-2,74100,STARFRUIT,4982,31,,,,,4989,31,,,,,4985.5,0.0
742,-2,74200,STARFRUIT,4986,1,4982.0,3.0,4981.0,28.0,4988,28,,,,,4987.0,0.0
743,-2,74300,STARFRUIT,4981,25,,,,,4988,25,,,,,4984.5,0.0
744,-2,74400,STARFRUIT,4984,6,4981.0,21.0,,,4987,1,4988.0,20.0,,,4985.5,0.0
745,-2,74500,STARFRUIT,4981,23,,,,,4986,1,4987.0,1.0,4988.0,22.0,4983.5,0.0
746,-2,74600,STARFRUIT,4981,31,,,,,4987,1,4988.0,30.0,,,4984.0,0.0
747,-2,74700,STARFRUIT,4981,26,,,,,4988,26,,,,,4984.5,0.0
748,-2,74800,STARFRUIT,4983,4,4982.0,26.0,,,4988,1,4989.0,25.0,,,4985.5,0.0
749,-2,74900,STARFRUIT,4982,24,,,,,4989,24,,,,,4985.5,0.0
750,-2,75000,STARFRUIT,4981,30,,,,,4988,30,,,,,4984.5,0.0
751,-2,75100,STARFRUIT,4982,5,4981.0,25.0,,,4988,25,,,,,4985.0,0.0
752,-2,75200,STARFRUIT,4982,22,,,,,4988,2,4989.0,20.0,,,4985.0,0.0
753,-2,75300,STARFRUIT,4983,6,4982.0,27.0,,,4989,27,,,,,4986.0,0.0
754,-2,75400,STARFRUIT,4984,2,4983.0,30.0,,,4990,30,,,,,4987.0,0.0
755,-2,75500,STARFRUIT,4982,29,,,,,4989,30,,,,,4985.5,0.0
756,-2,75600,STARFRUIT,4988,1,4986.0,6.0,4984.0,1.0,4989,2,4990.0,20.0,,,4988.5,0.0
757,-2,75700,STARFRUIT,4983,22,,,,,4989,1,4990.0,21.0,,,4986.0,0.0
758,-2,75800,STARFRUIT,4983,1,4982.0,21.0,,,4989,22,,,,,4986.0,0.0
759,-2,75900,STARFRUIT,4983,2,4982.0,30.0,,,4987,4,4989.0,32.0,,,4985.0,0.0
760,-2,76000,STARFRUIT,4984,6,4983.0,22.0,,,4989,1,4990.0,21.0,,,4986.5,0.0
761,-2,76100,STARFRUIT,4983,28,,,,,4989,2,4990.0,26.0,,,4986.0,0.0
762,-2,76200,STARFRUIT,4983,26,,,,,4988,1,4990.0,26.0,,,4985.5,0.0
763,-2,76300,STARFRUIT,4984,27,,,,,4989,2,4991.0,27.0,,,4986.5,0.0
764,-2,76400,STARFRUIT,4984,27,,,,,4987,3,4990.0,2.0,4991.0,26.0,4985.5,0.0
765,-2,76500,STARFRUIT,4983,31,,,,,4990,31,,,,,4986.5,0.0
766,-2,76600,STARFRUIT,4982,31,,,,,4987,8,4989.0,31.0,,,4984.5,0.0
767,-2,76700,STARFRUIT,4982,22,,,,,4987,8,4989.0,22.0,,,4984.5,0.0
768,-2,76800,STARFRUIT,4982,26,,,,,4989,26,,,,,4985.5,0.0
769,-2,76900,STARFRUIT,4983,31,,,,,4990,31,,,,,4986.5,0.0
770,-2,77000,STARFRUIT,4983,25,,,,,4990,25,,,,,4986.5,0.0
771,-2,77100,STARFRUIT,4984,8,4983.0,27.0,,,4990,27,,,,,4987.0,0.0
772,-2,77200,STARFRUIT,4984,2,4983.0,26.0,,,4988,2,4990.0,28.0,,,4986.0,0.0
773,-2,77300,STARFRUIT,4984,30,,,,,4989,6,4991.0,30.0,,,4986.5,0.0
774,-2,77400,STARFRUIT,4984,28,,,,,4987,6,4990.0,1.0,4991.0,27.0,4985.5,0.0
775,-2,77500,STARFRUIT,4984,20,,,,,4991,20,,,,,4987.5,0.0
776,-2,77600,STARFRUIT,4986,2,4984.0,1.0,4983.0,25.0,4990,26,,,,,4988.0,0.0
777,-2,77700,STARFRUIT,4983,26,,,,,4990,26,,,,,4986.5,0.0
778,-2,77800,STARFRUIT,4984,26,,,,,4985,4,4990.0,2.0,4991.0,24.0,4984.5,0.0
779,-2,77900,STARFRUIT,4983,30,,,,,4990,30,,,,,4986.5,0.0
780,-2,78000,STARFRUIT,4984,1,4983.0,27.0,,,4990,28,,,,,4987.0,0.0
781,-2,78100,STARFRUIT,4989,1,4984.0,32.0,,,4990,2,4991.0,30.0,,,4989.5,0.0
782,-2,78200,STARFRUIT,4984,20,,,,,4991,20,,,,,4987.5,0.0
783,-2,78300,STARFRUIT,4985,6,4984.0,22.0,,,4991,22,,,,,4988.0,0.0
784,-2,78400,STARFRUIT,4985,2,4984.0,26.0,,,4991,28,,,,,4988.0,0.0
785,-2,78500,STARFRUIT,4984,32,,,,,4990,2,4991.0,30.0,,,4987.0,0.0
786,-2,78600,STARFRUIT,4983,30,,,,,4984,1,4990.0,30.0,,,4983.5,0.0
787,-2,78700,STARFRUIT,4983,29,,,,,4990,29,,,,,4986.5,0.0
788,-2,78800,STARFRUIT,4983,23,,,,,4990,24,,,,,4986.5,0.0
789,-2,78900,STARFRUIT,4984,2,4983.0,30.0,,,4990,30,,,,,4987.0,0.0
790,-2,79000,STARFRUIT,4984,8,4983.0,22.0,,,4989,1,4990.0,21.0,,,4986.5,0.0
791,-2,79100,STARFRUIT,4985,5,4982.0,27.0,,,4989,27,,,,,4987.0,0.0
792,-2,79200,STARFRUIT,4983,30,,,,,4988,8,4990.0,30.0,,,4985.5,0.0
793,-2,79300,STARFRUIT,4982,29,,,,,4989,29,,,,,4985.5,0.0
794,-2,79400,STARFRUIT,4982,20,,,,,4989,20,,,,,4985.5,0.0
795,-2,79500,STARFRUIT,4982,28,,,,,4989,28,,,,,4985.5,0.0
796,-2,79600,STARFRUIT,4982,1,4981.0,26.0,,,4988,27,,,,,4985.0,0.0
797,-2,79700,STARFRUIT,4982,2,4981.0,30.0,,,4988,32,,,,,4985.0,0.0
798,-2,79800,STARFRUIT,4982,2,4981.0,20.0,,,4983,4,4988.0,22.0,,,4982.5,0.0
799,-2,79900,STARFRUIT,4982,1,4981.0,23.0,,,4987,2,4988.0,21.0,,,4984.5,0.0
800,-2,80000,STARFRUIT,4980,30,,,,,4987,30,,,,,4983.5,0.0
801,-2,80100,STARFRUIT,4986,1,4980.0,31.0,,,4987,31,,,,,4986.5,0.0
802,-2,80200,STARFRUIT,4980,27,,,,,4987,27,,,,,4983.5,0.0
803,-2,80300,STARFRUIT,4981,5,4980.0,29.0,,,4987,30,,,,,4984.0,0.0
804,-2,80400,STARFRUIT,4981,23,,,,,4984,4,4988.0,23.0,,,4982.5,0.0
805,-2,80500,STARFRUIT,4981,22,,,,,4986,3,4988.0,23.0,,,4983.5,0.0
806,-2,80600,STARFRUIT,4981,27,,,,,4988,27,,,,,4984.5,0.0
807,-2,80700,STARFRUIT,4982,2,4981.0,29.0,,,4987,2,4988.0,27.0,,,4984.5,0.0
808,-2,80800,STARFRUIT,4982,6,4981.0,25.0,,,4988,25,,,,,4985.0,0.0
809,-2,80900,STARFRUIT,4981,30,,,,,4982,1,4986.0,1.0,4988.0,30.0,4981.5,0.0
810,-2,81000,STARFRUIT,4981,2,4980.0,30.0,,,4987,32,,,,,4984.0,0.0
811,-2,81100,STARFRUIT,4981,29,,,,,4987,1,4988.0,28.0,,,4984.0,0.0
812,-2,81200,STARFRUIT,4981,1,4980.0,26.0,,,4987,27,,,,,4984.0,0.0
813,-2,81300,STARFRUIT,4986,1,4981.0,2.0,4980.0,20.0,4987,22,,,,,4986.5,0.0
814,-2,81400,STARFRUIT,4981,23,,,,,4987,23,,,,,4984.0,0.0
815,-2,81500,STARFRUIT,4981,28,,,,,4988,28,,,,,4984.5,0.0
816,-2,81600,STARFRUIT,4981,20,,,,,4986,5,4988.0,20.0,,,4983.5,0.0
817,-2,81700,STARFRUIT,4982,3,4981.0,27.0,,,4988,27,,,,,4985.0,0.0
818,-2,81800,STARFRUIT,4981,28,,,,,4986,8,4988.0,29.0,,,4983.5,0.0
819,-2,81900,STARFRUIT,4982,7,4981.0,27.0,,,4984,4,4988.0,27.0,,,4983.0,0.0
820,-2,82000,STARFRUIT,4981,32,,,,,4986,4,4988.0,32.0,,,4983.5,0.0
821,-2,82100,STARFRUIT,4981,21,,,,,4988,22,,,,,4984.5,0.0
822,-2,82200,STARFRUIT,4987,1,4982.0,2.0,4981.0,28.0,4988,30,,,,,4987.5,0.0
823,-2,82300,STARFRUIT,4982,1,4981.0,26.0,,,4988,27,,,,,4985.0,0.0
824,-2,82400,STARFRUIT,4982,2,4981.0,24.0,,,4983,4,4988.0,26.0,,,4982.5,0.0
825,-2,82500,STARFRUIT,4981,26,,,,,4988,26,,,,,4984.5,0.0
826,-2,82600,STARFRUIT,4981,22,,,,,4986,8,4988.0,23.0,,,4983.5,0.0
827,-2,82700,STARFRUIT,4980,31,,,,,4987,31,,,,,4983.5,0.0
828,-2,82800,STARFRUIT,4981,1,4980.0,21.0,,,4987,22,,,,,4984.0,0.0
829,-2,82900,STARFRUIT,4980,23,,,,,4987,23,,,,,4983.5,0.0
830,-2,83000,STARFRUIT,4981,4,4980.0,30.0,,,4987,31,,,,,4984.0,0.0
831,-2,83100,STARFRUIT,4983,7,4982.0,21.0,,,4988,1,4989.0,20.0,,,4985.5,0.0
832,-2,83200,STARFRUIT,4982,28,,,,,4988,28,,,,,4985.0,0.0
833,-2,83300,STARFRUIT,4982,22,,,,,4989,22,,,,,4985.5,0.0
834,-2,83400,STARFRUIT,4987,3,4982.0,30.0,,,4989,30,,,,,4988.0,0.0
835,-2,83500,STARFRUIT,4982,29,,,,,4989,29,,,,,4985.5,0.0
836,-2,83600,STARFRUIT,4982,25,,,,,4988,2,4989.0,23.0,,,4985.0,0.0
837,-2,83700,STARFRUIT,4982,27,,,,,4989,27,,,,,4985.5,0.0
838,-2,83800,STARFRUIT,4983,2,4982.0,30.0,,,4989,32,,,,,4986.0,0.0
839,-2,83900,STARFRUIT,4988,1,4984.0,5.0,4983.0,27.0,4989,1,4990.0,26.0,,,4988.5,0.0
840,-2,84000,STARFRUIT,4982,25,,,,,4987,5,4989.0,25.0,,,4984.5,0.0
841,-2,84100,STARFRUIT,4983,3,4982.0,26.0,,,4989,26,,,,,4986.0,0.0
842,-2,84200,STARFRUIT,4987,1,4982.0,5.0,4981.0,25.0,4988,27,,,,,4987.5,0.0
843,-2,84300,STARFRUIT,4982,25,,,,,4989,25,,,,,4985.5,0.0
844,-2,84400,STARFRUIT,4982,30,,,,,4989,30,,,,,4985.5,0.0
845,-2,84500,STARFRUIT,4982,29,,,,,4989,29,,,,,4985.5,0.0
846,-2,84600,STARFRUIT,4983,28,,,,,4989,2,4990.0,26.0,,,4986.0,0.0
847,-2,84700,STARFRUIT,4988,1,4983.0,28.0,,,4989,2,4990.0,26.0,,,4988.5,0.0
848,-2,84800,STARFRUIT,4983,24,,,,,4989,1,4990.0,23.0,,,4986.0,0.0
849,-2,84900,STARFRUIT,4983,28,,,,,4988,1,4989.0,2.0,4990.0,26.0,4985.5,0.0
850,-2,85000,STARFRUIT,4982,30,,,,,4989,30,,,,,4985.5,0.0
851,-2,85100,STARFRUIT,4982,26,,,,,4987,8,4989.0,26.0,,,4984.5,0.0
852,-2,85200,STARFRUIT,4982,27,,,,,4987,1,4989.0,27.0,,,4984.5,0.0
853,-2,85300,STARFRUIT,4983,28,,,,,4989,2,4990.0,26.0,,,4986.0,0.0
854,-2,85400,STARFRUIT,4983,3,4982.0,29.0,,,4989,29,,,,,4986.0,0.0
855,-2,85500,STARFRUIT,4982,28,,,,,4989,28,,,,,4985.5,0.0
856,-2,85600,STARFRUIT,4982,29,,,,,4989,29,,,,,4985.5,0.0
857,-2,85700,STARFRUIT,4982,28,,,,,4989,28,,,,,4985.5,0.0
858,-2,85800,STARFRUIT,4983,29,,,,,4990,29,,,,,4986.5,0.0
859,-2,85900,STARFRUIT,4983,1,4982.0,29.0,,,4989,30,,,,,4986.0,0.0
860,-2,86000,STARFRUIT,4983,22,,,,,4989,1,4990.0,22.0,,,4986.0,0.0
861,-2,86100,STARFRUIT,4982,20,,,,,4989,20,,,,,4985.5,0.0
862,-2,86200,STARFRUIT,4982,28,,,,,4989,28,,,,,4985.5,0.0
863,-2,86300,STARFRUIT,4982,29,,,,,4983,1,4989.0,29.0,,,4982.5,0.0
864,-2,86400,STARFRUIT,4983,7,4982.0,30.0,,,4989,31,,,,,4986.0,0.0
865,-2,86500,STARFRUIT,4984,1,4983.0,23.0,,,4990,23,,,,,4987.0,0.0
866,-2,86600,STARFRUIT,4983,22,,,,,4988,5,4990.0,22.0,,,4985.5,0.0
867,-2,86700,STARFRUIT,4982,21,,,,,4989,21,,,,,4985.5,0.0
868,-2,86800,STARFRUIT,4983,23,,,,,4990,23,,,,,4986.5,0.0
869,-2,86900,STARFRUIT,4983,23,,,,,4988,4,4990.0,23.0,,,4985.5,0.0
870,-2,87000,STARFRUIT,4983,22,,,,,4988,6,4989.0,22.0,,,4985.5,0.0
871,-2,87100,STARFRUIT,4982,23,,,,,4987,8,4989.0,23.0,,,4984.5,0.0
872,-2,87200,STARFRUIT,4982,20,,,,,4989,20,,,,,4985.5,0.0
873,-2,87300,STARFRUIT,4982,30,,,,,4989,30,,,,,4985.5,0.0
874,-2,87400,STARFRUIT,4982,28,,,,,4989,28,,,,,4985.5,0.0
875,-2,87500,STARFRUIT,4983,7,4982.0,24.0,,,4988,2,4989.0,22.0,,,4985.5,0.0
876,-2,87600,STARFRUIT,4982,30,,,,,4988,2,4989.0,28.0,,,4985.0,0.0
877,-2,87700,STARFRUIT,4982,20,,,,,4989,20,,,,,4985.5,0.0
878,-2,87800,STARFRUIT,4983,20,,,,,4990,20,,,,,4986.5,0.0
879,-2,87900,STARFRUIT,4987,10,4983.0,5.0,4982.0,25.0,4989,25,,,,,4988.0,0.0
880,-2,88000,STARFRUIT,4983,27,,,,,4990,27,,,,,4986.5,0.0
881,-2,88100,STARFRUIT,4984,28,,,,,4991,28,,,,,4987.5,0.0
882,-2,88200,STARFRUIT,4985,8,4984.0,26.0,,,4991,26,,,,,4988.0,0.0
883,-2,88300,STARFRUIT,4989,5,4985.0,26.0,,,4991,2,4992.0,24.0,,,4990.0,0.0
884,-2,88400,STARFRUIT,4990,1,4985.0,28.0,,,4992,28,,,,,4991.0,0.0
885,-2,88500,STARFRUIT,4985,22,,,,,4992,22,,,,,4988.5,0.0
886,-2,88600,STARFRUIT,4985,25,,,,,4986,4,4992.0,25.0,,,4985.5,0.0
887,-2,88700,STARFRUIT,4985,28,,,,,4990,1,4992.0,28.0,,,4987.5,0.0
888,-2,88800,STARFRUIT,4985,2,4984.0,29.0,,,4986,5,4987.0,4.0,4991.0,31.0,4985.5,0.0
889,-2,88900,STARFRUIT,4989,1,4984.0,27.0,,,4991,27,,,,,4990.0,0.0
890,-2,89000,STARFRUIT,4984,24,,,,,4990,1,4991.0,23.0,,,4987.0,0.0
891,-2,89100,STARFRUIT,4984,2,4983.0,27.0,,,4985,2,4990.0,29.0,,,4984.5,0.0
892,-2,89200,STARFRUIT,4984,30,,,,,4990,2,4991.0,28.0,,,4987.0,0.0
893,-2,89300,STARFRUIT,4984,25,,,,,4991,25,,,,,4987.5,0.0
894,-2,89400,STARFRUIT,4989,1,4984.0,23.0,,,4991,23,,,,,4990.0,0.0
895,-2,89500,STARFRUIT,4984,27,,,,,4991,27,,,,,4987.5,0.0
896,-2,89600,STARFRUIT,4984,26,,,,,4991,26,,,,,4987.5,0.0
897,-2,89700,STARFRUIT,4984,30,,,,,4989,8,4990.0,2.0,4991.0,28.0,4986.5,0.0
898,-2,89800,STARFRUIT,4984,28,,,,,4990,1,4991.0,27.0,,,4987.0,0.0
899,-2,89900,STARFRUIT,4984,26,,,,,4991,26,,,,,4987.5,0.0
900,-2,90000,STARFRUIT,4985,4,4984.0,24.0,,,4991,24,,,,,4988.0,0.0
901,-2,90100,STARFRUIT,4983,28,,,,,4990,28,,,,,4986.5,0.0
902,-2,90200,STARFRUIT,4982,21,,,,,4989,21,,,,,4985.5,0.0
903,-2,90300,STARFRUIT,4982,23,,,,,4987,6,4989.0,23.0,,,4984.5,0.0
904,-2,90400,STARFRUIT,4982,25,,,,,4984,5,4989.0,25.0,,,4983.0,0.0
905,-2,90500,STARFRUIT,4984,6,4983.0,24.0,,,4990,24,,,,,4987.0,0.0
906,-2,90600,STARFRUIT,4989,1,4984.0,1.0,4983.0,25.0,4990,25,,,,,4989.5,0.0
907,-2,90700,STARFRUIT,4984,28,,,,,4991,28,,,,,4987.5,0.0
908,-2,90800,STARFRUIT,4984,26,,,,,4987,3,4991.0,26.0,,,4985.5,0.0
909,-2,90900,STARFRUIT,4985,26,,,,,4990,4,4992.0,26.0,,,4987.5,0.0
910,-2,91000,STARFRUIT,4984,30,,,,,4991,31,,,,,4987.5,0.0
911,-2,91100,STARFRUIT,4985,23,,,,,4990,4,4991.0,2.0,4992.0,21.0,4987.5,0.0
912,-2,91200,STARFRUIT,4985,26,,,,,4992,26,,,,,4988.5,0.0
913,-2,91300,STARFRUIT,4986,27,,,,,4993,27,,,,,4989.5,0.0
914,-2,91400,STARFRUIT,4986,22,,,,,4993,22,,,,,4989.5,0.0
915,-2,91500,STARFRUIT,4990,4,4986.0,26.0,,,4991,5,4993.0,26.0,,,4990.5,0.0
916,-2,91600,STARFRUIT,4987,1,4986.0,29.0,,,4991,5,4993.0,30.0,,,4989.0,0.0
917,-2,91700,STARFRUIT,4987,4,4986.0,23.0,,,4993,23,,,,,4990.0,0.0
918,-2,91800,STARFRUIT,4986,24,,,,,4993,24,,,,,4989.5,0.0
919,-2,91900,STARFRUIT,4987,7,4986.0,22.0,,,4993,22,,,,,4990.0,0.0
920,-2,92000,STARFRUIT,4985,28,,,,,4992,28,,,,,4988.5,0.0
921,-2,92100,STARFRUIT,4986,22,,,,,4993,22,,,,,4989.5,0.0
922,-2,92200,STARFRUIT,4987,2,4986.0,28.0,,,4991,4,4993.0,30.0,,,4989.0,0.0
923,-2,92300,STARFRUIT,4987,1,4986.0,29.0,,,4993,29,,,,,4990.0,0.0
924,-2,92400,STARFRUIT,4986,27,,,,,4991,6,4993.0,27.0,,,4988.5,0.0
925,-2,92500,STARFRUIT,4986,27,,,,,4993,28,,,,,4989.5,0.0
926,-2,92600,STARFRUIT,4986,23,,,,,4987,1,4991.0,4.0,4993.0,23.0,4986.5,0.0
927,-2,92700,STARFRUIT,4986,20,,,,,4993,20,,,,,4989.5,0.0
928,-2,92800,STARFRUIT,4986,22,,,,,4993,22,,,,,4989.5,0.0
929,-2,92900,STARFRUIT,4985,21,,,,,4992,21,,,,,4988.5,0.0
930,-2,93000,STARFRUIT,4985,22,,,,,4990,3,4992.0,22.0,,,4987.5,0.0
931,-2,93100,STARFRUIT,4990,2,4986.0,1.0,4985.0,20.0,4992,21,,,,,4991.0,0.0
932,-2,93200,STARFRUIT,4985,30,,,,,4990,3,4992.0,30.0,,,4987.5,0.0
933,-2,93300,STARFRUIT,4986,2,4985.0,25.0,,,4992,25,,,,,4989.0,0.0
934,-2,93400,STARFRUIT,4985,26,,,,,4992,26,,,,,4988.5,0.0
935,-2,93500,STARFRUIT,4986,28,,,,,4993,28,,,,,4989.5,0.0
936,-2,93600,STARFRUIT,4986,30,,,,,4991,1,4993.0,30.0,,,4988.5,0.0
937,-2,93700,STARFRUIT,4985,29,,,,,4992,29,,,,,4988.5,0.0
938,-2,93800,STARFRUIT,4985,28,,,,,4990,8,4992.0,28.0,,,4987.5,0.0
939,-2,93900,STARFRUIT,4985,28,,,,,4992,28,,,,,4988.5,0.0
940,-2,94000,STARFRUIT,4985,30,,,,,4992,30,,,,,4988.5,0.0
941,-2,94100,STARFRUIT,4991,1,4986.0,28.0,,,4993,28,,,,,4992.0,0.0
942,-2,94200,STARFRUIT,4986,25,,,,,4993,25,,,,,4989.5,0.0
943,-2,94300,STARFRUIT,4985,21,,,,,4992,22,,,,,4988.5,0.0
944,-2,94400,STARFRUIT,4985,24,,,,,4986,1,4992.0,24.0,,,4985.5,0.0
945,-2,94500,STARFRUIT,4985,23,,,,,4986,1,4992.0,23.0,,,4985.5,0.0
946,-2,94600,STARFRUIT,4990,4,4985.0,30.0,,,4992,30,,,,,4991.0,0.0
947,-2,94700,STARFRUIT,4986,22,,,,,4993,22,,,,,4989.5,0.0
948,-2,94800,STARFRUIT,4986,1,4985.0,25.0,,,4992,26,,,,,4989.0,0.0
949,-2,94900,STARFRUIT,4987,5,4986.0,30.0,,,4993,30,,,,,4990.0,0.0
950,-2,95000,STARFRUIT,4985,23,,,,,4992,23,,,,,4988.5,0.0
951,-2,95100,STARFRUIT,4985,25,,,,,4990,5,4992.0,25.0,,,4987.5,0.0
952,-2,95200,STARFRUIT,4985,23,,,,,4992,23,,,,,4988.5,0.0
953,-2,95300,STARFRUIT,4987,7,4986.0,31.0,,,4993,31,,,,,4990.0,0.0
954,-2,95400,STARFRUIT,4986,25,,,,,4993,25,,,,,4989.5,0.0
955,-2,95500,STARFRUIT,4985,21,,,,,4992,21,,,,,4988.5,0.0
956,-2,95600,STARFRUIT,4991,1,4989.0,5.0,4986.0,22.0,4992,1,4993.0,21.0,,,4991.5,0.0
957,-2,95700,STARFRUIT,4986,2,4985.0,30.0,,,4992,32,,,,,4989.0,0.0
958,-2,95800,STARFRUIT,4986,25,,,,,4993,26,,,,,4989.5,0.0
959,-2,95900,STARFRUIT,4986,25,,,,,4991,3,4992.0,1.0,4993.0,24.0,4988.5,0.0
960,-2,96000,STARFRUIT,4985,21,,,,,4992,21,,,,,4988.5,0.0
961,-2,96100,STARFRUIT,4986,30,,,,,4993,30,,,,,4989.5,0.0
962,-2,96200,STARFRUIT,4986,28,,,,,4993,29,,,,,4989.5,0.0
963,-2,96300,STARFRUIT,4986,24,,,,,4993,24,,,,,4989.5,0.0
964,-2,96400,STARFRUIT,4986,27,,,,,4992,1,4993.0,26.0,,,4989.0,0.0
965,-2,96500,STARFRUIT,4987,2,4986.0,21.0,,,4993,23,,,,,4990.0,0.0
966,-2,96600,STARFRUIT,4986,31,,,,,4993,31,,,,,4989.5,0.0
967,-2,96700,STARFRUIT,4987,2,4986.0,23.0,,,4993,25,,,,,4990.0,0.0
968,-2,96800,STARFRUIT,4991,1,4986.0,27.0,,,4993,27,,,,,4992.0,0.0
969,-2,96900,STARFRUIT,4985,21,,,,,4992,21,,,,,4988.5,0.0
970,-2,97000,STARFRUIT,4986,1,4985.0,23.0,,,4987,2,4992.0,24.0,,,4986.5,0.0
971,-2,97100,STARFRUIT,4988,3,4985.0,20.0,,,4992,20,,,,,4990.0,0.0
972,-2,97200,STARFRUIT,4986,22,,,,,4993,22,,,,,4989.5,0.0
973,-2,97300,STARFRUIT,4986,32,,,,,4993,32,,,,,4989.5,0.0
974,-2,97400,STARFRUIT,4987,9,4986.0,30.0,,,4993,31,,,,,4990.0,0.0
975,-2,97500,STARFRUIT,4991,4,4987.0,22.0,,,4993,1,4994.0,21.0,,,4992.0,0.0
976,-2,97600,STARFRUIT,4988,31,,,,,4995,31,,,,,4991.5,0.0
977,-2,97700,STARFRUIT,4988,32,,,,,4994,2,4995.0,30.0,,,4991.0,0.0
978,-2,97800,STARFRUIT,4988,24,,,,,4995,24,,,,,4991.5,0.0
979,-2,97900,STARFRUIT,4988,30,,,,,4995,30,,,,,4991.5,0.0
980,-2,98000,STARFRUIT,4988,31,,,,,4995,31,,,,,4991.5,0.0
981,-2,98100,STARFRUIT,4993,1,4989.0,8.0,4988.0,27.0,4995,27,,,,,4994.0,0.0
982,-2,98200,STARFRUIT,4988,26,,,,,4993,3,4995.0,27.0,,,4990.5,0.0
983,-2,98300,STARFRUIT,4988,26,,,,,4989,4,4993.0,5.0,4995.0,26.0,4988.5,0.0
984,-2,98400,STARFRUIT,4987,26,,,,,4988,1,4994.0,26.0,,,4987.5,0.0
985,-2,98500,STARFRUIT,4992,5,4987.0,25.0,,,4994,25,,,,,4993.0,0.0
986,-2,98600,STARFRUIT,4988,1,4987.0,20.0,,,4994,20,,,,,4991.0,0.0
987,-2,98700,STARFRUIT,4987,29,,,,,4994,29,,,,,4990.5,0.0
988,-2,98800,STARFRUIT,4988,2,4987.0,30.0,,,4994,32,,,,,4991.0,0.0
989,-2,98900,STARFRUIT,4990,3,4987.0,25.0,,,4994,25,,,,,4992.0,0.0
990,-2,99000,STARFRUIT,4988,2,4987.0,21.0,,,4992,7,4994.0,23.0,,,4990.0,0.0
991,-2,99100,STARFRUIT,4987,22,,,,,4992,2,4994.0,22.0,,,4989.5,0.0
992,-2,99200,STARFRUIT,4993,1,4990.0,3.0,4987.0,31.0,4994,31,,,,,4993.5,0.0
993,-2,99300,STARFRUIT,4987,21,,,,,4990,2,4994.0,21.0,,,4988.5,0.0
994,-2,99400,STARFRUIT,4988,26,,,,,4995,26,,,,,4991.5,0.0
995,-2,99500,STARFRUIT,4993,1,4989.0,4.0,4988.0,30.0,4995,30,,,,,4994.0,0.0
996,-2,99600,STARFRUIT,4988,28,,,,,4995,28,,,,,4991.5,0.0
997,-2,99700,STARFRUIT,4987,31,,,,,4994,31,,,,,4990.5,0.0
998,-2,99800,STARFRUIT,4989,6,4988.0,29.0,,,4991,4,4994.0,2.0,4995.0,27.0,4990.0,0.0
999,-2,99900,STARFRUIT,4987,28,,,,,4994,28,,,,,4990.5,0.0
1000,-2,100000,STARFRUIT,4987,30,,,,,4994,30,,,,,4990.5,0.0
1001,-2,100100,STARFRUIT,4987,27,,,,,4993,2,4994.0,26.0,,,4990.0,0.0
1002,-2,100200,STARFRUIT,4986,22,,,,,4993,22,,,,,4989.5,0.0
1003,-2,100300,STARFRUIT,4986,1,4985.0,27.0,,,4992,28,,,,,4989.0,0.0
1004,-2,100400,STARFRUIT,4991,1,4986.0,21.0,,,4993,21,,,,,4992.0,0.0
1005,-2,100500,STARFRUIT,4986,24,,,,,4993,24,,,,,4989.5,0.0
1006,-2,100600,STARFRUIT,4986,31,,,,,4992,1,4993.0,30.0,,,4989.0,0.0
1007,-2,100700,STARFRUIT,4986,27,,,,,4993,27,,,,,4989.5,0.0
1008,-2,100800,STARFRUIT,4986,22,,,,,4993,22,,,,,4989.5,0.0
1009,-2,100900,STARFRUIT,4987,26,,,,,4994,26,,,,,4990.5,0.0
1010,-2,101000,STARFRUIT,4987,21,,,,,4993,1,4994.0,20.0,,,4990.0,0.0
1011,-2,101100,STARFRUIT,4987,7,4986.0,27.0,,,4993,28,,,,,4990.0,0.0
1012,-2,101200,STARFRUIT,4987,2,4986.0,21.0,,,4993,23,,,,,4990.0,0.0
1013,-2,101300,STARFRUIT,4987,7,4986.0,27.0,,,4993,28,,,,,4990.0,0.0
1014,-2,101400,STARFRUIT,4987,2,4986.0,24.0,,,4993,26,,,,,4990.0,0.0
1015,-2,101500,STARFRUIT,4986,26,,,,,4991,3,4993.0,26.0,,,4988.5,0.0
1016,-2,101600,STARFRUIT,4986,28,,,,,4993,28,,,,,4989.5,0.0
1017,-2,101700,STARFRUIT,4985,22,,,,,4992,22,,,,,4988.5,0.0
1018,-2,101800,STARFRUIT,4985,23,,,,,4992,23,,,,,4988.5,0.0
1019,-2,101900,STARFRUIT,4985,21,,,,,4991,1,4992.0,20.0,,,4988.0,0.0
1020,-2,102000,STARFRUIT,4985,1,4984.0,24.0,,,4991,25,,,,,4988.0,0.0
1021,-2,102100,STARFRUIT,4984,23,,,,,4989,4,4991.0,23.0,,,4986.5,0.0
1022,-2,102200,STARFRUIT,4985,2,4984.0,29.0,,,4991,31,,,,,4988.0,0.0
1023,-2,102300,STARFRUIT,4986,6,4985.0,30.0,,,4991,1,4992.0,29.0,,,4988.5,0.0
1024,-2,102400,STARFRUIT,4984,31,,,,,4985,1,4987.0,4.0,4991.0,31.0,4984.5,0.0
1025,-2,102500,STARFRUIT,4990,1,4985.0,2.0,4984.0,28.0,4991,30,,,,,4990.5,0.0
1026,-2,102600,STARFRUIT,4985,23,,,,,4991,1,4992.0,22.0,,,4988.0,0.0
1027,-2,102700,STARFRUIT,4986,8,4985.0,22.0,,,4991,1,4992.0,21.0,,,4988.5,0.0
1028,-2,102800,STARFRUIT,4984,29,,,,,4991,29,,,,,4987.5,0.0
1029,-2,102900,STARFRUIT,4983,25,,,,,4990,25,,,,,4986.5,0.0
1030,-2,103000,STARFRUIT,4984,4,4983.0,28.0,,,4990,30,,,,,4987.0,0.0
1031,-2,103100,STARFRUIT,4984,22,,,,,4991,22,,,,,4987.5,0.0
1032,-2,103200,STARFRUIT,4984,24,,,,,4991,24,,,,,4987.5,0.0
1033,-2,103300,STARFRUIT,4988,2,4983.0,21.0,,,4990,21,,,,,4989.0,0.0
1034,-2,103400,STARFRUIT,4984,29,,,,,4989,5,4991.0,29.0,,,4986.5,0.0
1035,-2,103500,STARFRUIT,4985,2,4984.0,29.0,,,4991,31,,,,,4988.0,0.0
1036,-2,103600,STARFRUIT,4990,1,4985.0,2.0,4984.0,29.0,4991,31,,,,,4990.5,0.0
1037,-2,103700,STARFRUIT,4985,10,4984.0,20.0,,,4991,22,,,,,4988.0,0.0
1038,-2,103800,STARFRUIT,4984,31,,,,,4990,2,4991.0,29.0,,,4987.0,0.0
1039,-2,103900,STARFRUIT,4984,22,,,,,4991,22,,,,,4987.5,0.0
1040,-2,104000,STARFRUIT,4983,29,,,,,4990,29,,,,,4986.5,0.0
1041,-2,104100,STARFRUIT,4983,30,,,,,4985,3,4988.0,6.0,4990.0,30.0,4984.0,0.0
1042,-2,104200,STARFRUIT,4984,23,,,,,4991,23,,,,,4987.5,0.0
1043,-2,104300,STARFRUIT,4984,24,,,,,4990,1,4991.0,23.0,,,4987.0,0.0
1044,-2,104400,STARFRUIT,4989,5,4985.0,8.0,4984.0,21.0,4991,21,,,,,4990.0,0.0
1045,-2,104500,STARFRUIT,4985,3,4984.0,25.0,,,4991,25,,,,,4988.0,0.0
1046,-2,104600,STARFRUIT,4985,4,4984.0,26.0,,,4991,27,,,,,4988.0,0.0
1047,-2,104700,STARFRUIT,4985,24,,,,,4991,1,4992.0,24.0,,,4988.0,0.0
1048,-2,104800,STARFRUIT,4986,5,4985.0,27.0,,,4992,27,,,,,4989.0,0.0
1049,-2,104900,STARFRUIT,4990,1,4985.0,28.0,,,4991,1,4992.0,27.0,,,4990.5,0.0
1050,-2,105000,STARFRUIT,4985,31,,,,,4992,31,,,,,4988.5,0.0
1051,-2,105100,STARFRUIT,4986,2,4985.0,27.0,,,4992,29,,,,,4989.0,0.0
1052,-2,105200,STARFRUIT,4985,22,,,,,4986,1,4992.0,22.0,,,4985.5,0.0
1053,-2,105300,STARFRUIT,4986,3,4985.0,23.0,,,4992,23,,,,,4989.0,0.0
1054,-2,105400,STARFRUIT,4985,29,,,,,4990,4,4992.0,29.0,,,4987.5,0.0
1055,-2,105500,STARFRUIT,4986,22,,,,,4993,22,,,,,4989.5,0.0
1056,-2,105600,STARFRUIT,4986,29,,,,,4991,3,4993.0,29.0,,,4988.5,0.0
1057,-2,105700,STARFRUIT,4986,31,,,,,4993,31,,,,,4989.5,0.0
1058,-2,105800,STARFRUIT,4986,28,,,,,4989,6,4992.0,2.0,4993.0,26.0,4987.5,0.0
1059,-2,105900,STARFRUIT,4985,27,,,,,4992,27,,,,,4988.5,0.0
1060,-2,106000,STARFRUIT,4984,23,,,,,4991,23,,,,,4987.5,0.0
1061,-2,106100,STARFRUIT,4985,2,4984.0,24.0,,,4991,26,,,,,4988.0,0.0
1062,-2,106200,STARFRUIT,4985,2,4984.0,23.0,,,4991,23,,,,,4988.0,0.0
1063,-2,106300,STARFRUIT,4984,22,,,,,4991,22,,,,,4987.5,0.0
1064,-2,106400,STARFRUIT,4984,1,4983.0,25.0,,,4990,26,,,,,4987.0,0.0
1065,-2,106500,STARFRUIT,4983,22,,,,,4990,22,,,,,4986.5,0.0
1066,-2,106600,STARFRUIT,4984,7,4983.0,20.0,,,4990,20,,,,,4987.0,0.0
1067,-2,106700,STARFRUIT,4983,1,4982.0,29.0,,,4987,8,4989.0,30.0,,,4985.0,0.0
1068,-2,106800,STARFRUIT,4983,23,,,,,4990,23,,,,,4986.5,0.0
1069,-2,106900,STARFRUIT,4983,23,,,,,4984,10,4989.0,2.0,4990.0,21.0,4983.5,0.0
1070,-2,107000,STARFRUIT,4983,27,,,,,4990,27,,,,,4986.5,0.0
1071,-2,107100,STARFRUIT,4988,1,4983.0,30.0,,,4990,30,,,,,4989.0,0.0
1072,-2,107200,STARFRUIT,4983,26,,,,,4990,26,,,,,4986.5,0.0
1073,-2,107300,STARFRUIT,4983,29,,,,,4988,1,4990.0,29.0,,,4985.5,0.0
1074,-2,107400,STARFRUIT,4983,25,,,,,4990,25,,,,,4986.5,0.0
1075,-2,107500,STARFRUIT,4983,25,,,,,4990,25,,,,,4986.5,0.0
1076,-2,107600,STARFRUIT,4983,22,,,,,4990,22,,,,,4986.5,0.0
1077,-2,107700,STARFRUIT,4987,4,4984.0,2.0,4983.0,22.0,4990,22,,,,,4988.5,0.0
1078,-2,107800,STARFRUIT,4989,1,4983.0,22.0,,,4990,22,,,,,4989.5,0.0
1079,-2,107900,STARFRUIT,4983,25,,,,,4989,2,4990.0,23.0,,,4986.0,0.0
1080,-2,108000,STARFRUIT,4982,32,,,,,4989,32,,,,,4985.5,0.0
1081,-2,108100,STARFRUIT,4982,29,,,,,4983,5,4989.0,29.0,,,4982.5,0.0
1082,-2,108200,STARFRUIT,4982,25,,,,,4988,2,4989.0,23.0,,,4985.0,0.0
1083,-2,108300,STARFRUIT,4982,27,,,,,4989,27,,,,,4985.5,0.0
1084,-2,108400,STARFRUIT,4987,1,4982.0,27.0,,,4989,27,,,,,4988.0,0.0
1085,-2,108500,STARFRUIT,4982,26,,,,,4985,2,4989.0,26.0,,,4983.5,0.0
1086,-2,108600,STARFRUIT,4982,26,,,,,4984,2,4989.0,26.0,,,4983.0,0.0
1087,-2,108700,STARFRUIT,4982,26,,,,,4989,26,,,,,4985.5,0.0
1088,-2,108800,STARFRUIT,4982,20,,,,,4987,4,4989.0,21.0,,,4984.5,0.0
1089,-2,108900,STARFRUIT,4982,28,,,,,4989,28,,,,,4985.5,0.0
1090,-2,109000,STARFRUIT,4982,22,,,,,4987,8,4989.0,22.0,,,4984.5,0.0
1091,-2,109100,STARFRUIT,4986,3,4984.0,6.0,4983.0,23.0,4989,2,4990.0,21.0,,,4987.5,0.0
1092,-2,109200,STARFRUIT,4983,5,4982.0,26.0,,,4989,26,,,,,4986.0,0.0
1093,-2,109300,STARFRUIT,4982,23,,,,,4989,23,,,,,4985.5,0.0
1094,-2,109400,STARFRUIT,4988,1,4983.0,1.0,4982.0,29.0,4989,30,,,,,4988.5,0.0
1095,-2,109500,STARFRUIT,4983,2,4982.0,20.0,,,4989,22,,,,,4986.0,0.0
1096,-2,109600,STARFRUIT,4983,23,,,,,4990,23,,,,,4986.5,0.0
1097,-2,109700,STARFRUIT,4983,28,,,,,4990,28,,,,,4986.5,0.0
1098,-2,109800,STARFRUIT,4983,29,,,,,4989,2,4990.0,27.0,,,4986.0,0.0
1099,-2,109900,STARFRUIT,4983,26,,,,,4988,7,4990.0,26.0,,,4985.5,0.0
1100,-2,110000,STARFRUIT,4983,2,4982.0,30.0,,,4989,30,,,,,4986.0,0.0
1101,-2,110100,STARFRUIT,4987,2,4983.0,5.0,4982.0,23.0,4989,24,,,,,4988.0,0.0
1102,-2,110200,STARFRUIT,4983,23,,,,,4990,23,,,,,4986.5,0.0
1103,-2,110300,STARFRUIT,4983,30,,,,,4989,1,4990.0,29.0,,,4986.0,0.0
1104,-2,110400,STARFRUIT,4983,29,,,,,4990,29,,,,,4986.5,0.0
1105,-2,110500,STARFRUIT,4983,23,,,,,4989,1,4990.0,22.0,,,4986.0,0.0
1106,-2,110600,STARFRUIT,4982,23,,,,,4989,23,,,,,4985.5,0.0
1107,-2,110700,STARFRUIT,4982,22,,,,,4989,22,,,,,4985.5,0.0
1108,-2,110800,STARFRUIT,4981,27,,,,,4988,27,,,,,4984.5,0.0
1109,-2,110900,STARFRUIT,4981,32,,,,,4988,32,,,,,4984.5,0.0
1110,-2,111000,STARFRUIT,4981,28,,,,,4988,28,,,,,4984.5,0.0
1111,-2,111100,STARFRUIT,4981,21,,,,,4988,21,,,,,4984.5,0.0
1112,-2,111200,STARFRUIT,4982,27,,,,,4985,3,4989.0,27.0,,,4983.5,0.0
1113,-2,111300,STARFRUIT,4986,3,4982.0,20.0,,,4989,20,,,,,4987.5,0.0
1114,-2,111400,STARFRUIT,4982,28,,,,,4989,28,,,,,4985.5,0.0
1115,-2,111500,STARFRUIT,4982,25,,,,,4987,6,4989.0,25.0,,,4984.5,0.0
1116,-2,111600,STARFRUIT,4982,31,,,,,4984,2,4987.0,2.0,4989.0,31.0,4983.0,0.0
1117,-2,111700,STARFRUIT,4981,28,,,,,4988,28,,,,,4984.5,0.0
1118,-2,111800,STARFRUIT,4982,8,4981.0,26.0,,,4987,1,4988.0,25.0,,,4984.5,0.0
1119,-2,111900,STARFRUIT,4981,26,,,,,4988,26,,,,,4984.5,0.0
1120,-2,112000,STARFRUIT,4984,5,4981.0,28.0,,,4987,28,,,,,4985.5,0.0
1121,-2,112100,STARFRUIT,4981,25,,,,,4988,25,,,,,4984.5,0.0
1122,-2,112200,STARFRUIT,4982,3,4981.0,29.0,,,4988,29,,,,,4985.0,0.0
1123,-2,112300,STARFRUIT,4981,2,4980.0,23.0,,,4987,23,,,,,4984.0,0.0
1124,-2,112400,STARFRUIT,4986,1,4980.0,29.0,,,4987,29,,,,,4986.5,0.0
1125,-2,112500,STARFRUIT,4980,27,,,,,4981,1,4987.0,27.0,,,4980.5,0.0
1126,-2,112600,STARFRUIT,4980,30,,,,,4985,7,4987.0,30.0,,,4982.5,0.0
1127,-2,112700,STARFRUIT,4980,1,4979.0,21.0,,,4986,22,,,,,4983.0,0.0
1128,-2,112800,STARFRUIT,4983,2,4980.0,22.0,,,4986,2,4987.0,20.0,,,4984.5,0.0
1129,-2,112900,STARFRUIT,4979,23,,,,,4984,4,4986.0,23.0,,,4981.5,0.0
1130,-2,113000,STARFRUIT,4980,24,,,,,4986,1,4987.0,23.0,,,4983.0,0.0
1131,-2,113100,STARFRUIT,4985,1,4980.0,25.0,,,4987,25,,,,,4986.0,0.0
1132,-2,113200,STARFRUIT,4980,27,,,,,4987,28,,,,,4983.5,0.0
1133,-2,113300,STARFRUIT,4980,21,,,,,4985,4,4986.0,1.0,4987.0,20.0,4982.5,0.0
1134,-2,113400,STARFRUIT,4980,1,4979.0,20.0,,,4984,7,4986.0,21.0,,,4982.0,0.0
1135,-2,113500,STARFRUIT,4980,6,4979.0,20.0,,,4986,20,,,,,4983.0,0.0
1136,-2,113600,STARFRUIT,4978,28,,,,,4979,1,4985.0,28.0,,,4978.5,0.0
1137,-2,113700,STARFRUIT,4978,26,,,,,4983,1,4985.0,26.0,,,4980.5,0.0
1138,-2,113800,STARFRUIT,4979,28,,,,,4983,2,4985.0,28.0,,,4981.0,0.0
1139,-2,113900,STARFRUIT,4980,1,4979.0,28.0,,,4985,1,4986.0,27.0,,,4982.5,0.0
1140,-2,114000,STARFRUIT,4978,26,,,,,4985,26,,,,,4981.5,0.0
1141,-2,114100,STARFRUIT,4983,9,4979.0,3.0,4978.0,28.0,4985,28,,,,,4984.0,0.0
1142,-2,114200,STARFRUIT,4978,28,,,,,4985,28,,,,,4981.5,0.0
1143,-2,114300,STARFRUIT,4978,22,,,,,4979,1,4985.0,22.0,,,4978.5,0.0
1144,-2,114400,STARFRUIT,4978,25,,,,,4983,5,4984.0,2.0,4985.0,23.0,4980.5,0.0
1145,-2,114500,STARFRUIT,4979,1,4978.0,27.0,,,4983,1,4985.0,28.0,,,4981.0,0.0
1146,-2,114600,STARFRUIT,4978,21,,,,,4985,21,,,,,4981.5,0.0
1147,-2,114700,STARFRUIT,4980,5,4979.0,26.0,,,4986,26,,,,,4983.0,0.0
1148,-2,114800,STARFRUIT,4980,31,,,,,4985,4,4986.0,2.0,4987.0,29.0,4982.5,0.0
1149,-2,114900,STARFRUIT,4979,25,,,,,4986,25,,,,,4982.5,0.0
1150,-2,115000,STARFRUIT,4980,23,,,,,4986,2,4987.0,22.0,,,4983.0,0.0
1151,-2,115100,STARFRUIT,4980,26,,,,,4985,8,4986.0,2.0,4987.0,24.0,4982.5,0.0
1152,-2,115200,STARFRUIT,4980,21,,,,,4987,22,,,,,4983.5,0.0
1153,-2,115300,STARFRUIT,4980,28,,,,,4987,28,,,,,4983.5,0.0
1154,-2,115400,STARFRUIT,4981,8,4980.0,26.0,,,4987,26,,,,,4984.0,0.0
1155,-2,115500,STARFRUIT,4980,30,,,,,4986,2,4987.0,28.0,,,4983.0,0.0
1156,-2,115600,STARFRUIT,4979,27,,,,,4981,3,4986.0,27.0,,,4980.0,0.0
1157,-2,115700,STARFRUIT,4979,25,,,,,4984,4,4985.0,1.0,4986.0,24.0,4981.5,0.0
1158,-2,115800,STARFRUIT,4984,1,4979.0,31.0,,,4985,1,4986.0,30.0,,,4984.5,0.0
1159,-2,115900,STARFRUIT,4979,23,,,,,4985,1,4986.0,22.0,,,4982.0,0.0
1160,-2,116000,STARFRUIT,4979,27,,,,,4984,3,4985.0,1.0,4986.0,26.0,4981.5,0.0
1161,-2,116100,STARFRUIT,4979,32,,,,,4985,2,4986.0,30.0,,,4982.0,0.0
1162,-2,116200,STARFRUIT,4979,23,,,,,4985,1,4986.0,22.0,,,4982.0,0.0
1163,-2,116300,STARFRUIT,4979,25,,,,,4986,25,,,,,4982.5,0.0
1164,-2,116400,STARFRUIT,4978,23,,,,,4983,1,4985.0,23.0,,,4980.5,0.0
1165,-2,116500,STARFRUIT,4978,30,,,,,4984,2,4985.0,28.0,,,4981.0,0.0
1166,-2,116600,STARFRUIT,4978,22,,,,,4981,3,4983.0,1.0,4984.0,2.0,4979.5,0.0
1167,-2,116700,STARFRUIT,4983,1,4978.0,30.0,,,4985,30,,,,,4984.0,0.0
1168,-2,116800,STARFRUIT,4978,25,,,,,4985,25,,,,,4981.5,0.0
1169,-2,116900,STARFRUIT,4979,2,4978.0,30.0,,,4981,5,4985.0,32.0,,,4980.0,0.0
1170,-2,117000,STARFRUIT,4979,2,4978.0,22.0,,,4983,2,4985.0,24.0,,,4981.0,0.0
1171,-2,117100,STARFRUIT,4979,27,,,,,4984,2,4985.0,2.0,4986.0,25.0,4981.5,0.0
1172,-2,117200,STARFRUIT,4978,26,,,,,4985,26,,,,,4981.5,0.0
1173,-2,117300,STARFRUIT,4978,27,,,,,4983,2,4985.0,27.0,,,4980.5,0.0
1174,-2,117400,STARFRUIT,4978,7,4977.0,28.0,,,4984,28,,,,,4981.0,0.0
1175,-2,117500,STARFRUIT,4979,1,4978.0,26.0,,,4985,26,,,,,4982.0,0.0
1176,-2,117600,STARFRUIT,4978,23,,,,,4985,23,,,,,4981.5,0.0
1177,-2,117700,STARFRUIT,4984,1,4978.0,27.0,,,4985,27,,,,,4984.5,0.0
1178,-2,117800,STARFRUIT,4978,26,,,,,4981,4,4984.0,2.0,4985.0,24.0,4979.5,0.0
1179,-2,117900,STARFRUIT,4977,22,,,,,4984,22,,,,,4980.5,0.0
1180,-2,118000,STARFRUIT,4977,7,4976.0,28.0,,,4983,28,,,,,4980.0,0.0
1181,-2,118100,STARFRUIT,4976,29,,,,,4983,29,,,,,4979.5,0.0
1182,-2,118200,STARFRUIT,4979,3,4977.0,3.0,4976.0,29.0,4983,29,,,,,4981.0,0.0
1183,-2,118300,STARFRUIT,4976,1,4975.0,25.0,,,4980,5,4982.0,26.0,,,4978.0,0.0
1184,-2,118400,STARFRUIT,4976,5,4975.0,23.0,,,4982,23,,,,,4979.0,0.0
1185,-2,118500,STARFRUIT,4975,30,,,,,4980,7,4982.0,30.0,,,4977.5,0.0
1186,-2,118600,STARFRUIT,4975,30,,,,,4982,31,,,,,4978.5,0.0
1187,-2,118700,STARFRUIT,4975,28,,,,,4982,28,,,,,4978.5,0.0
1188,-2,118800,STARFRUIT,4975,29,,,,,4982,29,,,,,4978.5,0.0
1189,-2,118900,STARFRUIT,4975,29,,,,,4982,29,,,,,4978.5,0.0
1190,-2,119000,STARFRUIT,4975,32,,,,,4980,3,4982.0,32.0,,,4977.5,0.0
1191,-2,119100,STARFRUIT,4974,23,,,,,4981,23,,,,,4977.5,0.0
1192,-2,119200,STARFRUIT,4975,4,4974.0,27.0,,,4981,27,,,,,4978.0,0.0
1193,-2,119300,STARFRUIT,4974,29,,,,,4981,29,,,,,4977.5,0.0
1194,-2,119400,STARFRUIT,4974,24,,,,,4981,24,,,,,4977.5,0.0
1195,-2,119500,STARFRUIT,4973,26,,,,,4980,27,,,,,4976.5,0.0
1196,-2,119600,STARFRUIT,4974,21,,,,,4980,1,4981.0,20.0,,,4977.0,0.0
1197,-2,119700,STARFRUIT,4974,7,4973.0,28.0,,,4980,30,,,,,4977.0,0.0
1198,-2,119800,STARFRUIT,4974,9,4973.0,29.0,,,4980,31,,,,,4977.0,0.0
1199,-2,119900,STARFRUIT,4974,27,,,,,4979,3,4981.0,27.0,,,4976.5,0.0
1200,-2,120000,STARFRUIT,4973,23,,,,,4978,3,4980.0,23.0,,,4975.5,0.0
1201,-2,120100,STARFRUIT,4973,27,,,,,4979,1,4980.0,26.0,,,4976.0,0.0
1202,-2,120200,STARFRUIT,4973,20,,,,,4980,21,,,,,4976.5,0.0
1203,-2,120300,STARFRUIT,4973,5,4972.0,28.0,,,4979,29,,,,,4976.0,0.0
1204,-2,120400,STARFRUIT,4973,5,4972.0,31.0,,,4979,31,,,,,4976.0,0.0
1205,-2,120500,STARFRUIT,4972,31,,,,,4979,31,,,,,4975.5,0.0
1206,-2,120600,STARFRUIT,4972,28,,,,,4979,28,,,,,4975.5,0.0
1207,-2,120700,STARFRUIT,4973,2,4972.0,28.0,,,4979,29,,,,,4976.0,0.0
1208,-2,120800,STARFRUIT,4978,1,4975.0,6.0,4973.0,6.0,4979,29,,,,,4978.5,0.0
1209,-2,120900,STARFRUIT,4973,1,4972.0,29.0,,,4977,3,4979.0,30.0,,,4975.0,0.0
1210,-2,121000,STARFRUIT,4973,27,,,,,4979,2,4980.0,25.0,,,4976.0,0.0
1211,-2,121100,STARFRUIT,4974,1,4973.0,26.0,,,4980,27,,,,,4977.0,0.0
1212,-2,121200,STARFRUIT,4974,2,4973.0,23.0,,,4980,24,,,,,4977.0,0.0
1213,-2,121300,STARFRUIT,4974,23,,,,,4981,23,,,,,4977.5,0.0
1214,-2,121400,STARFRUIT,4975,1,4974.0,25.0,,,4979,6,4981.0,26.0,,,4977.0,0.0
1215,-2,121500,STARFRUIT,4975,2,4974.0,23.0,,,4981,25,,,,,4978.0,0.0
1216,-2,121600,STARFRUIT,4975,1,4974.0,29.0,,,4981,30,,,,,4978.0,0.0
1217,-2,121700,STARFRUIT,4974,27,,,,,4981,27,,,,,4977.5,0.0
1218,-2,121800,STARFRUIT,4974,23,,,,,4979,5,4980.0,1.0,4981.0,22.0,4976.5,0.0
1219,-2,121900,STARFRUIT,4974,24,,,,,4981,24,,,,,4977.5,0.0
1220,-2,122000,STARFRUIT,4974,22,,,,,4975,9,4980.0,2.0,4981.0,20.0,4974.5,0.0
1221,-2,122100,STARFRUIT,4974,21,,,,,4979,8,4981.0,21.0,,,4976.5,0.0
1222,-2,122200,STARFRUIT,4975,5,4974.0,20.0,,,4981,20,,,,,4978.0,0.0
1223,-2,122300,STARFRUIT,4974,3,4973.0,30.0,,,4980,32,,,,,4977.0,0.0
1224,-2,122400,STARFRUIT,4973,20,,,,,4978,5,4980.0,20.0,,,4975.5,0.0
1225,-2,122500,STARFRUIT,4973,22,,,,,4978,5,4980.0,22.0,,,4975.5,0.0
1226,-2,122600,STARFRUIT,4974,2,4973.0,27.0,,,4980,29,,,,,4977.0,0.0
1227,-2,122700,STARFRUIT,4973,26,,,,,4980,27,,,,,4976.5,0.0
1228,-2,122800,STARFRUIT,4973,26,,,,,4980,26,,,,,4976.5,0.0
1229,-2,122900,STARFRUIT,4973,28,,,,,4978,6,4980.0,28.0,,,4975.5,0.0
1230,-2,123000,STARFRUIT,4974,1,4973.0,24.0,,,4979,2,4980.0,22.0,,,4976.5,0.0
1231,-2,123100,STARFRUIT,4973,31,,,,,4974,5,4980.0,32.0,,,4973.5,0.0
1232,-2,123200,STARFRUIT,4978,1,4976.0,6.0,4974.0,6.0,4980,30,,,,,4979.0,0.0
1233,-2,123300,STARFRUIT,4978,9,4973.0,28.0,,,4980,28,,,,,4979.0,0.0
1234,-2,123400,STARFRUIT,4973,25,,,,,4980,25,,,,,4976.5,0.0
1235,-2,123500,STARFRUIT,4974,4,4973.0,26.0,,,4980,26,,,,,4977.0,0.0
1236,-2,123600,STARFRUIT,4973,28,,,,,4980,28,,,,,4976.5,0.0
1237,-2,123700,STARFRUIT,4972,31,,,,,4979,31,,,,,4975.5,0.0
1238,-2,123800,STARFRUIT,4972,24,,,,,4978,2,4979.0,22.0,,,4975.0,0.0
1239,-2,123900,STARFRUIT,4977,1,4973.0,2.0,4972.0,27.0,4978,1,4979.0,26.0,,,4977.5,0.0
1240,-2,124000,STARFRUIT,4977,1,4972.0,28.0,,,4978,1,4979.0,27.0,,,4977.5,0.0
1241,-2,124100,STARFRUIT,4971,22,,,,,4978,22,,,,,4974.5,0.0
1242,-2,124200,STARFRUIT,4974,3,4972.0,1.0,4971.0,24.0,4978,25,,,,,4976.0,0.0
1243,-2,124300,STARFRUIT,4972,29,,,,,4979,29,,,,,4975.5,0.0
1244,-2,124400,STARFRUIT,4971,21,,,,,4978,21,,,,,4974.5,0.0
1245,-2,124500,STARFRUIT,4971,26,,,,,4977,26,,,,,4974.0,0.0
1246,-2,124600,STARFRUIT,4971,22,,,,,4972,3,4977.0,1.0,4978.0,21.0,4971.5,0.0
1247,-2,124700,STARFRUIT,4970,26,,,,,4977,26,,,,,4973.5,0.0
1248,-2,124800,STARFRUIT,4970,25,,,,,4976,1,4977.0,24.0,,,4973.0,0.0
1249,-2,124900,STARFRUIT,4969,30,,,,,4976,30,,,,,4972.5,0.0
1250,-2,125000,STARFRUIT,4970,2,4969.0,26.0,,,4976,28,,,,,4973.0,0.0
1251,-2,125100,STARFRUIT,4970,1,4969.0,30.0,,,4976,32,,,,,4973.0,0.0
1252,-2,125200,STARFRUIT,4970,1,4969.0,25.0,,,4974,1,4976.0,26.0,,,4972.0,0.0
1253,-2,125300,STARFRUIT,4969,27,,,,,4976,27,,,,,4972.5,0.0
1254,-2,125400,STARFRUIT,4969,32,,,,,4974,6,4976.0,32.0,,,4971.5,0.0
1255,-2,125500,STARFRUIT,4970,28,,,,,4976,2,4977.0,26.0,,,4973.0,0.0
1256,-2,125600,STARFRUIT,4969,29,,,,,4974,7,4976.0,29.0,,,4971.5,0.0
1257,-2,125700,STARFRUIT,4969,27,,,,,4975,2,4976.0,25.0,,,4972.0,0.0
1258,-2,125800,STARFRUIT,4969,22,,,,,4975,2,4976.0,20.0,,,4972.0,0.0
1259,-2,125900,STARFRUIT,4969,6,4968.0,21.0,,,4975,23,,,,,4972.0,0.0
1260,-2,126000,STARFRUIT,4969,30,,,,,4976,30,,,,,4972.5,0.0
1261,-2,126100,STARFRUIT,4969,26,,,,,4976,26,,,,,4972.5,0.0
1262,-2,126200,STARFRUIT,4969,29,,,,,4971,2,4976.0,29.0,,,4970.0,0.0
1263,-2,126300,STARFRUIT,4969,3,4968.0,28.0,,,4975,28,,,,,4972.0,0.0
1264,-2,126400,STARFRUIT,4969,1,4968.0,29.0,,,4975,30,,,,,4972.0,0.0
1265,-2,126500,STARFRUIT,4969,27,,,,,4976,27,,,,,4972.5,0.0
1266,-2,126600,STARFRUIT,4969,26,,,,,4974,2,4976.0,26.0,,,4971.5,0.0
1267,-2,126700,STARFRUIT,4969,26,,,,,4976,26,,,,,4972.5,0.0
1268,-2,126800,STARFRUIT,4969,25,,,,,4976,25,,,,,4972.5,0.0
1269,-2,126900,STARFRUIT,4970,9,4969.0,24.0,,,4976,25,,,,,4973.0,0.0
1270,-2,127000,STARFRUIT,4970,28,,,,,4977,28,,,,,4973.5,0.0
1271,-2,127100,STARFRUIT,4970,20,,,,,4977,20,,,,,4973.5,0.0
1272,-2,127200,STARFRUIT,4971,1,4970.0,24.0,,,4976,2,4977.0,22.0,,,4973.5,0.0
1273,-2,127300,STARFRUIT,4970,23,,,,,4976,1,4977.0,23.0,,,4973.0,0.0
1274,-2,127400,STARFRUIT,4970,2,4969.0,24.0,,,4976,24,,,,,4973.0,0.0
1275,-2,127500,STARFRUIT,4969,24,,,,,4974,2,4976.0,24.0,,,4971.5,0.0
1276,-2,127600,STARFRUIT,4968,21,,,,,4971,3,4975.0,22.0,,,4969.5,0.0
1277,-2,127700,STARFRUIT,4968,26,,,,,4973,7,4975.0,26.0,,,4970.5,0.0
1278,-2,127800,STARFRUIT,4969,2,4968.0,22.0,,,4973,1,4975.0,24.0,,,4971.0,0.0
1279,-2,127900,STARFRUIT,4970,5,4969.0,28.0,,,4975,1,4976.0,27.0,,,4972.5,0.0
1280,-2,128000,STARFRUIT,4969,2,4968.0,25.0,,,4975,27,,,,,4972.0,0.0
1281,-2,128100,STARFRUIT,4970,6,4969.0,26.0,,,4976,26,,,,,4973.0,0.0
1282,-2,128200,STARFRUIT,4968,22,,,,,4975,22,,,,,4971.5,0.0
1283,-2,128300,STARFRUIT,4968,22,,,,,4973,6,4975.0,22.0,,,4970.5,0.0
1284,-2,128400,STARFRUIT,4968,31,,,,,4969,9,4974.0,1.0,4975.0,30.0,4968.5,0.0
1285,-2,128500,STARFRUIT,4968,28,,,,,4975,28,,,,,4971.5,0.0
1286,-2,128600,STARFRUIT,4969,5,4968.0,29.0,,,4975,31,,,,,4972.0,0.0
1287,-2,128700,STARFRUIT,4969,29,,,,,4974,2,4975.0,1.0,4976.0,28.0,4971.5,0.0
1288,-2,128800,STARFRUIT,4975,1,4969.0,24.0,,,4976,24,,,,,4975.5,0.0
1289,-2,128900,STARFRUIT,4974,3,4969.0,25.0,,,4976,25,,,,,4975.0,0.0
1290,-2,129000,STARFRUIT,4971,5,4970.0,22.0,,,4977,22,,,,,4974.0,0.0
1291,-2,129100,STARFRUIT,4969,29,,,,,4976,29,,,,,4972.5,0.0
1292,-2,129200,STARFRUIT,4969,30,,,,,4976,30,,,,,4972.5,0.0
1293,-2,129300,STARFRUIT,4969,28,,,,,4975,2,4976.0,26.0,,,4972.0,0.0
1294,-2,129400,STARFRUIT,4969,24,,,,,4976,24,,,,,4972.5,0.0
1295,-2,129500,STARFRUIT,4970,1,4969.0,25.0,,,4976,25,,,,,4973.0,0.0
1296,-2,129600,STARFRUIT,4969,29,,,,,4974,6,4976.0,29.0,,,4971.5,0.0
1297,-2,129700,STARFRUIT,4970,19,,,,,4976,20,,,,,4973.0,0.0
1298,-2,129800,STARFRUIT,4971,1,4970.0,21.0,,,4977,21,,,,,4974.0,0.0
1299,-2,129900,STARFRUIT,4970,27,,,,,4977,27,,,,,4973.5,0.0
1300,-2,130000,STARFRUIT,4970,23,,,,,4976,1,4977.0,22.0,,,4973.0,0.0
1301,-2,130100,STARFRUIT,4970,31,,,,,4977,31,,,,,4973.5,0.0
1302,-2,130200,STARFRUIT,4970,24,,,,,4976,2,4977.0,23.0,,,4973.0,0.0
1303,-2,130300,STARFRUIT,4970,29,,,,,4977,30,,,,,4973.5,0.0
1304,-2,130400,STARFRUIT,4969,26,,,,,4972,3,4976.0,27.0,,,4970.5,0.0
1305,-2,130500,STARFRUIT,4969,31,,,,,4976,31,,,,,4972.5,0.0
1306,-2,130600,STARFRUIT,4974,1,4969.0,25.0,,,4975,25,,,,,4974.5,0.0
1307,-2,130700,STARFRUIT,4969,25,,,,,4976,25,,,,,4972.5,0.0
1308,-2,130800,STARFRUIT,4969,24,,,,,4973,5,4975.0,24.0,,,4971.0,0.0
1309,-2,130900,STARFRUIT,4969,31,,,,,4975,2,4976.0,29.0,,,4972.0,0.0
1310,-2,131000,STARFRUIT,4968,27,,,,,4973,7,4975.0,27.0,,,4970.5,0.0
1311,-2,131100,STARFRUIT,4968,24,,,,,4969,1,4970.0,5.0,4971.0,2.0,4968.5,0.0
1312,-2,131200,STARFRUIT,4969,29,,,,,4976,29,,,,,4972.5,0.0
1313,-2,131300,STARFRUIT,4969,1,4968.0,26.0,,,4975,27,,,,,4972.0,0.0
1314,-2,131400,STARFRUIT,4969,30,,,,,4976,30,,,,,4972.5,0.0
1315,-2,131500,STARFRUIT,4969,22,,,,,4975,22,,,,,4972.0,0.0
1316,-2,131600,STARFRUIT,4968,20,,,,,4973,5,4975.0,20.0,,,4970.5,0.0
1317,-2,131700,STARFRUIT,4968,2,4967.0,22.0,,,4974,24,,,,,4971.0,0.0
1318,-2,131800,STARFRUIT,4968,30,,,,,4975,30,,,,,4971.5,0.0
1319,-2,131900,STARFRUIT,4968,23,,,,,4975,23,,,,,4971.5,0.0
1320,-2,132000,STARFRUIT,4968,25,,,,,4975,25,,,,,4971.5,0.0
1321,-2,132100,STARFRUIT,4968,30,,,,,4969,7,4975.0,30.0,,,4968.5,0.0
1322,-2,132200,STARFRUIT,4968,2,4967.0,20.0,,,4974,22,,,,,4971.0,0.0
1323,-2,132300,STARFRUIT,4971,4,4968.0,27.0,,,4975,27,,,,,4973.0,0.0
1324,-2,132400,STARFRUIT,4969,25,,,,,4976,25,,,,,4972.5,0.0
1325,-2,132500,STARFRUIT,4968,31,,,,,4975,31,,,,,4971.5,0.0
1326,-2,132600,STARFRUIT,4968,25,,,,,4973,7,4974.0,2.0,4975.0,23.0,4970.5,0.0
1327,-2,132700,STARFRUIT,4967,24,,,,,4968,3,4973.0,1.0,4974.0,23.0,4967.5,0.0
1328,-2,132800,STARFRUIT,4968,1,4967.0,21.0,,,4974,22,,,,,4971.0,0.0
1329,-2,132900,STARFRUIT,4968,26,,,,,4975,26,,,,,4971.5,0.0
1330,-2,133000,STARFRUIT,4969,22,,,,,4975,1,4976.0,21.0,,,4972.0,0.0
1331,-2,133100,STARFRUIT,4969,30,,,,,4975,1,4976.0,29.0,,,4972.0,0.0
1332,-2,133200,STARFRUIT,4968,26,,,,,4975,26,,,,,4971.5,0.0
1333,-2,133300,STARFRUIT,4968,25,,,,,4973,5,4975.0,25.0,,,4970.5,0.0
1334,-2,133400,STARFRUIT,4968,22,,,,,4975,22,,,,,4971.5,0.0
1335,-2,133500,STARFRUIT,4968,20,,,,,4975,20,,,,,4971.5,0.0
1336,-2,133600,STARFRUIT,4968,5,4967.0,26.0,,,4974,26,,,,,4971.0,0.0
1337,-2,133700,STARFRUIT,4967,29,,,,,4974,29,,,,,4970.5,0.0
1338,-2,133800,STARFRUIT,4967,26,,,,,4974,26,,,,,4970.5,0.0
1339,-2,133900,STARFRUIT,4968,2,4967.0,25.0,,,4974,27,,,,,4971.0,0.0
1340,-2,134000,STARFRUIT,4968,29,,,,,4975,29,,,,,4971.5,0.0
1341,-2,134100,STARFRUIT,4973,9,4968.0,29.0,,,4975,29,,,,,4974.0,0.0
1342,-2,134200,STARFRUIT,4968,27,,,,,4969,2,4975.0,27.0,,,4968.5,0.0
1343,-2,134300,STARFRUIT,4973,1,4968.0,27.0,,,4974,27,,,,,4973.5,0.0
1344,-2,134400,STARFRUIT,4967,26,,,,,4974,26,,,,,4970.5,0.0
1345,-2,134500,STARFRUIT,4967,26,,,,,4974,26,,,,,4970.5,0.0
1346,-2,134600,STARFRUIT,4967,26,,,,,4974,26,,,,,4970.5,0.0
1347,-2,134700,STARFRUIT,4968,5,4967.0,31.0,,,4974,31,,,,,4971.0,0.0
1348,-2,134800,STARFRUIT,4968,2,4967.0,21.0,,,4972,8,4974.0,23.0,,,4970.0,0.0
1349,-2,134900,STARFRUIT,4968,1,4967.0,28.0,,,4974,29,,,,,4971.0,0.0
1350,-2,135000,STARFRUIT,4967,22,,,,,4974,22,,,,,4970.5,0.0
1351,-2,135100,STARFRUIT,4967,26,,,,,4974,26,,,,,4970.5,0.0
1352,-2,135200,STARFRUIT,4967,23,,,,,4974,23,,,,,4970.5,0.0
1353,-2,135300,STARFRUIT,4966,26,,,,,4967,1,4973.0,26.0,,,4966.5,0.0
1354,-2,135400,STARFRUIT,4967,21,,,,,4974,21,,,,,4970.5,0.0
1355,-2,135500,STARFRUIT,4967,25,,,,,4974,25,,,,,4970.5,0.0
1356,-2,135600,STARFRUIT,4967,24,,,,,4974,25,,,,,4970.5,0.0
1357,-2,135700,STARFRUIT,4967,26,,,,,4972,1,4974.0,26.0,,,4969.5,0.0
1358,-2,135800,STARFRUIT,4967,26,,,,,4974,26,,,,,4970.5,0.0
1359,-2,135900,STARFRUIT,4968,24,,,,,4974,24,,,,,4971.0,0.0
1360,-2,136000,STARFRUIT,4968,1,4967.0,28.0,,,4972,3,4974.0,29.0,,,4970.0,0.0
1361,-2,136100,STARFRUIT,4968,28,,,,,4973,4,4974.0,1.0,4975.0,27.0,4970.5,0.0
1362,-2,136200,STARFRUIT,4967,20,,,,,4974,20,,,,,4970.5,0.0
1363,-2,136300,STARFRUIT,4969,2,4968.0,25.0,,,4975,25,,,,,4972.0,0.0
1364,-2,136400,STARFRUIT,4969,8,4968.0,25.0,,,4975,25,,,,,4972.0,0.0
1365,-2,136500,STARFRUIT,4968,25,,,,,4975,26,,,,,4971.5,0.0
1366,-2,136600,STARFRUIT,4967,29,,,,,4974,29,,,,,4970.5,0.0
1367,-2,136700,STARFRUIT,4967,29,,,,,4974,29,,,,,4970.5,0.0
1368,-2,136800,STARFRUIT,4968,1,4967.0,22.0,,,4972,8,4974.0,23.0,,,4970.0,0.0
1369,-2,136900,STARFRUIT,4969,2,4968.0,26.0,,,4975,26,,,,,4972.0,0.0
1370,-2,137000,STARFRUIT,4968,2,4967.0,26.0,,,4974,28,,,,,4971.0,0.0
1371,-2,137100,STARFRUIT,4968,31,,,,,4973,5,4975.0,31.0,,,4970.5,0.0
1372,-2,137200,STARFRUIT,4969,22,,,,,4972,3,4974.0,3.0,4976.0,22.0,4970.5,0.0
1373,-2,137300,STARFRUIT,4973,2,4969.0,1.0,4968.0,30.0,4975,31,,,,,4974.0,0.0
1374,-2,137400,STARFRUIT,4969,24,,,,,4975,24,,,,,4972.0,0.0
1375,-2,137500,STARFRUIT,4974,1,4968.0,25.0,,,4975,25,,,,,4974.5,0.0
1376,-2,137600,STARFRUIT,4968,25,,,,,4975,25,,,,,4971.5,0.0
1377,-2,137700,STARFRUIT,4968,1,4967.0,28.0,,,4974,29,,,,,4971.0,0.0
1378,-2,137800,STARFRUIT,4968,30,,,,,4974,2,4975.0,28.0,,,4971.0,0.0
1379,-2,137900,STARFRUIT,4967,27,,,,,4974,27,,,,,4970.5,0.0
1380,-2,138000,STARFRUIT,4967,26,,,,,4973,2,4974.0,24.0,,,4970.0,0.0
1381,-2,138100,STARFRUIT,4967,32,,,,,4974,32,,,,,4970.5,0.0
1382,-2,138200,STARFRUIT,4967,31,,,,,4974,31,,,,,4970.5,0.0
1383,-2,138300,STARFRUIT,4973,1,4967.0,32.0,,,4974,32,,,,,4973.5,0.0
1384,-2,138400,STARFRUIT,4967,25,,,,,4973,1,4974.0,24.0,,,4970.0,0.0
1385,-2,138500,STARFRUIT,4967,2,4966.0,29.0,,,4971,6,4973.0,31.0,,,4969.0,0.0
1386,-2,138600,STARFRUIT,4967,1,4966.0,23.0,,,4971,2,4973.0,24.0,,,4969.0,0.0
1387,-2,138700,STARFRUIT,4966,22,,,,,4971,3,4973.0,22.0,,,4968.5,0.0
1388,-2,138800,STARFRUIT,4972,1,4967.0,5.0,4966.0,29.0,4973,31,,,,,4972.5,0.0
1389,-2,138900,STARFRUIT,4967,22,,,,,4974,22,,,,,4970.5,0.0
1390,-2,139000,STARFRUIT,4973,1,4968.0,4.0,4967.0,20.0,4974,20,,,,,4973.5,0.0
1391,-2,139100,STARFRUIT,4967,1,4966.0,23.0,,,4973,24,,,,,4970.0,0.0
1392,-2,139200,STARFRUIT,4966,26,,,,,4971,5,4973.0,26.0,,,4968.5,0.0
1393,-2,139300,STARFRUIT,4966,30,,,,,4973,30,,,,,4969.5,0.0
1394,-2,139400,STARFRUIT,4967,1,4966.0,21.0,,,4973,22,,,,,4970.0,0.0
1395,-2,139500,STARFRUIT,4972,1,4967.0,5.0,4966.0,21.0,4973,21,,,,,4972.5,0.0
1396,-2,139600,STARFRUIT,4966,23,,,,,4973,23,,,,,4969.5,0.0
1397,-2,139700,STARFRUIT,4966,30,,,,,4973,30,,,,,4969.5,0.0
1398,-2,139800,STARFRUIT,4967,8,4966.0,27.0,,,4972,1,4973.0,26.0,,,4969.5,0.0
1399,-2,139900,STARFRUIT,4965,25,,,,,4972,25,,,,,4968.5,0.0
1400,-2,140000,STARFRUIT,4965,26,,,,,4972,26,,,,,4968.5,0.0
1401,-2,140100,STARFRUIT,4966,1,4965.0,27.0,,,4972,28,,,,,4969.0,0.0
1402,-2,140200,STARFRUIT,4966,23,,,,,4972,1,4973.0,22.0,,,4969.0,0.0
1403,-2,140300,STARFRUIT,4966,1,4965.0,24.0,,,4972,25,,,,,4969.0,0.0
1404,-2,140400,STARFRUIT,4966,29,,,,,4971,4,4973.0,29.0,,,4968.5,0.0
1405,-2,140500,STARFRUIT,4965,28,,,,,4972,28,,,,,4968.5,0.0
1406,-2,140600,STARFRUIT,4966,2,4965.0,28.0,,,4972,30,,,,,4969.0,0.0
1407,-2,140700,STARFRUIT,4971,1,4967.0,4.0,4966.0,29.0,4973,29,,,,,4972.0,0.0
1408,-2,140800,STARFRUIT,4967,3,4966.0,29.0,,,4972,2,4973.0,27.0,,,4969.5,0.0
1409,-2,140900,STARFRUIT,4965,21,,,,,4972,22,,,,,4968.5,0.0
1410,-2,141000,STARFRUIT,4966,30,,,,,4972,1,4973.0,29.0,,,4969.0,0.0
1411,-2,141100,STARFRUIT,4965,2,4964.0,21.0,,,4969,5,4971.0,23.0,,,4967.0,0.0
1412,-2,141200,STARFRUIT,4964,23,,,,,4971,23,,,,,4967.5,0.0
1413,-2,141300,STARFRUIT,4964,27,,,,,4971,27,,,,,4967.5,0.0
1414,-2,141400,STARFRUIT,4969,1,4965.0,6.0,4964.0,25.0,4971,25,,,,,4970.0,0.0
1415,-2,141500,STARFRUIT,4963,31,,,,,4968,5,4970.0,31.0,,,4965.5,0.0
1416,-2,141600,STARFRUIT,4966,2,4963.0,28.0,,,4968,6,4970.0,28.0,,,4967.0,0.0
1417,-2,141700,STARFRUIT,4968,10,4963.0,32.0,,,4970,32,,,,,4969.0,0.0
1418,-2,141800,STARFRUIT,4964,7,4963.0,31.0,,,4970,31,,,,,4967.0,0.0
1419,-2,141900,STARFRUIT,4963,22,,,,,4970,22,,,,,4966.5,0.0
1420,-2,142000,STARFRUIT,4964,21,,,,,4970,1,4971.0,20.0,,,4967.0,0.0
1421,-2,142100,STARFRUIT,4964,21,,,,,4969,1,4971.0,21.0,,,4966.5,0.0
1422,-2,142200,STARFRUIT,4965,8,4964.0,28.0,,,4971,28,,,,,4968.0,0.0
1423,-2,142300,STARFRUIT,4963,26,,,,,4969,1,4970.0,25.0,,,4966.0,0.0
1424,-2,142400,STARFRUIT,4964,2,4963.0,30.0,,,4970,32,,,,,4967.0,0.0
1425,-2,142500,STARFRUIT,4963,23,,,,,4970,23,,,,,4966.5,0.0
1426,-2,142600,STARFRUIT,4962,25,,,,,4969,25,,,,,4965.5,0.0
1427,-2,142700,STARFRUIT,4962,27,,,,,4969,27,,,,,4965.5,0.0
1428,-2,142800,STARFRUIT,4968,1,4967.0,4.0,4964.0,1.0,4970,29,,,,,4969.0,0.0
1429,-2,142900,STARFRUIT,4964,1,4963.0,20.0,,,4970,20,,,,,4967.0,0.0
1430,-2,143000,STARFRUIT,4962,24,,,,,4969,24,,,,,4965.5,0.0
1431,-2,143100,STARFRUIT,4963,28,,,,,4970,28,,,,,4966.5,0.0
1432,-2,143200,STARFRUIT,4963,26,,,,,4970,26,,,,,4966.5,0.0
1433,-2,143300,STARFRUIT,4963,25,,,,,4964,1,4970.0,25.0,,,4963.5,0.0
1434,-2,143400,STARFRUIT,4965,4,4964.0,31.0,,,4970,2,4971.0,29.0,,,4967.5,0.0
1435,-2,143500,STARFRUIT,4964,5,4963.0,24.0,,,4970,24,,,,,4967.0,0.0
1436,-2,143600,STARFRUIT,4963,29,,,,,4966,4,4969.0,2.0,4970.0,27.0,4964.5,0.0
1437,-2,143700,STARFRUIT,4963,30,,,,,4970,30,,,,,4966.5,0.0
1438,-2,143800,STARFRUIT,4964,27,,,,,4968,6,4970.0,27.0,,,4966.0,0.0
1439,-2,143900,STARFRUIT,4969,1,4963.0,23.0,,,4970,23,,,,,4969.5,0.0
1440,-2,144000,STARFRUIT,4963,20,,,,,4970,20,,,,,4966.5,0.0
1441,-2,144100,STARFRUIT,4963,1,4962.0,28.0,,,4967,4,4969.0,29.0,,,4965.0,0.0
1442,-2,144200,STARFRUIT,4963,2,4962.0,31.0,,,4969,31,,,,,4966.0,0.0
1443,-2,144300,STARFRUIT,4962,28,,,,,4967,4,4969.0,28.0,,,4964.5,0.0
1444,-2,144400,STARFRUIT,4963,3,4962.0,29.0,,,4969,29,,,,,4966.0,0.0
1445,-2,144500,STARFRUIT,4962,29,,,,,4967,2,4969.0,29.0,,,4964.5,0.0
1446,-2,144600,STARFRUIT,4963,25,,,,,4970,25,,,,,4966.5,0.0
1447,-2,144700,STARFRUIT,4963,21,,,,,4968,3,4969.0,1.0,4970.0,20.0,4965.5,0.0
1448,-2,144800,STARFRUIT,4963,31,,,,,4968,6,4970.0,31.0,,,4965.5,0.0
1449,-2,144900,STARFRUIT,4963,28,,,,,4970,28,,,,,4966.5,0.0
1450,-2,145000,STARFRUIT,4964,22,,,,,4970,1,4971.0,21.0,,,4967.0,0.0
1451,-2,145100,STARFRUIT,4964,2,4963.0,24.0,,,4970,26,,,,,4967.0,0.0
1452,-2,145200,STARFRUIT,4963,26,,,,,4969,2,4970.0,24.0,,,4966.0,0.0
1453,-2,145300,STARFRUIT,4963,23,,,,,4968,6,4970.0,23.0,,,4965.5,0.0
1454,-2,145400,STARFRUIT,4963,29,,,,,4967,2,4969.0,29.0,,,4965.0,0.0
1455,-2,145500,STARFRUIT,4963,31,,,,,4970,31,,,,,4966.5,0.0
1456,-2,145600,STARFRUIT,4963,28,,,,,4969,1,4970.0,27.0,,,4966.0,0.0
1457,-2,145700,STARFRUIT,4963,3,4962.0,22.0,,,4969,22,,,,,4966.0,0.0
1458,-2,145800,STARFRUIT,4967,1,4962.0,23.0,,,4969,23,,,,,4968.0,0.0
1459,-2,145900,STARFRUIT,4968,1,4962.0,24.0,,,4969,24,,,,,4968.5,0.0
1460,-2,146000,STARFRUIT,4967,1,4962.0,22.0,,,4969,22,,,,,4968.0,0.0
1461,-2,146100,STARFRUIT,4962,30,,,,,4969,30,,,,,4965.5,0.0
1462,-2,146200,STARFRUIT,4962,29,,,,,4967,5,4969.0,29.0,,,4964.5,0.0
1463,-2,146300,STARFRUIT,4963,23,,,,,4970,23,,,,,4966.5,0.0
1464,-2,146400,STARFRUIT,4963,24,,,,,4966,4,4969.0,2.0,4970.0,22.0,4964.5,0.0
1465,-2,146500,STARFRUIT,4963,25,,,,,4969,1,4970.0,24.0,,,4966.0,0.0
1466,-2,146600,STARFRUIT,4962,27,,,,,4967,6,4969.0,27.0,,,4964.5,0.0
1467,-2,146700,STARFRUIT,4962,22,,,,,4967,3,4969.0,22.0,,,4964.5,0.0
1468,-2,146800,STARFRUIT,4968,1,4962.0,23.0,,,4969,23,,,,,4968.5,0.0
1469,-2,146900,STARFRUIT,4963,25,,,,,4964,3,4969.0,2.0,4970.0,24.0,4963.5,0.0
1470,-2,147000,STARFRUIT,4962,26,,,,,4969,26,,,,,4965.5,0.0
1471,-2,147100,STARFRUIT,4962,25,,,,,4964,4,4967.0,8.0,4969.0,25.0,4963.0,0.0
1472,-2,147200,STARFRUIT,4963,22,,,,,4969,22,,,,,4966.0,0.0
1473,-2,147300,STARFRUIT,4962,30,,,,,4969,31,,,,,4965.5,0.0
1474,-2,147400,STARFRUIT,4962,30,,,,,4969,30,,,,,4965.5,0.0
1475,-2,147500,STARFRUIT,4963,1,4962.0,22.0,,,4969,23,,,,,4966.0,0.0
1476,-2,147600,STARFRUIT,4962,28,,,,,4969,28,,,,,4965.5,0.0
1477,-2,147700,STARFRUIT,4962,22,,,,,4969,22,,,,,4965.5,0.0
1478,-2,147800,STARFRUIT,4967,1,4963.0,4.0,4962.0,29.0,4968,2,4969.0,27.0,,,4967.5,0.0
1479,-2,147900,STARFRUIT,4962,26,,,,,4968,2,4969.0,24.0,,,4965.0,0.0
1480,-2,148000,STARFRUIT,4964,2,4961.0,27.0,,,4966,5,4968.0,27.0,,,4965.0,0.0
1481,-2,148100,STARFRUIT,4962,1,4961.0,26.0,,,4963,3,4968.0,27.0,,,4962.5,0.0
1482,-2,148200,STARFRUIT,4967,1,4962.0,23.0,,,4969,23,,,,,4968.0,0.0
1483,-2,148300,STARFRUIT,4961,23,,,,,4962,10,4966.0,6.0,4968.0,23.0,4961.5,0.0
1484,-2,148400,STARFRUIT,4964,3,4961.0,26.0,,,4968,26,,,,,4966.0,0.0
1485,-2,148500,STARFRUIT,4966,1,4961.0,20.0,,,4968,20,,,,,4967.0,0.0
1486,-2,148600,STARFRUIT,4962,21,,,,,4968,1,4969.0,20.0,,,4965.0,0.0
1487,-2,148700,STARFRUIT,4962,1,4961.0,27.0,,,4968,27,,,,,4965.0,0.0
1488,-2,148800,STARFRUIT,4961,25,,,,,4968,25,,,,,4964.5,0.0
1489,-2,148900,STARFRUIT,4964,4,4961.0,23.0,,,4966,7,4968.0,23.0,,,4965.0,0.0
1490,-2,149000,STARFRUIT,4961,27,,,,,4962,2,4968.0,27.0,,,4961.5,0.0
1491,-2,149100,STARFRUIT,4961,26,,,,,4968,26,,,,,4964.5,0.0
1492,-2,149200,STARFRUIT,4961,3,4960.0,29.0,,,4967,30,,,,,4964.0,0.0
1493,-2,149300,STARFRUIT,4961,23,,,,,4967,23,,,,,4964.0,0.0
1494,-2,149400,STARFRUIT,4960,28,,,,,4963,3,4965.0,7.0,4967.0,28.0,4961.5,0.0
1495,-2,149500,STARFRUIT,4960,21,,,,,4965,7,4967.0,21.0,,,4962.5,0.0
1496,-2,149600,STARFRUIT,4960,28,,,,,4961,3,4967.0,28.0,,,4960.5,0.0
1497,-2,149700,STARFRUIT,4959,24,,,,,4966,24,,,,,4962.5,0.0
1498,-2,149800,STARFRUIT,4960,2,4959.0,28.0,,,4966,30,,,,,4963.0,0.0
1499,-2,149900,STARFRUIT,4959,30,,,,,4964,1,4966.0,30.0,,,4961.5,0.0
1500,-2,150000,STARFRUIT,4959,29,,,,,4964,7,4966.0,29.0,,,4961.5,0.0
1501,-2,150100,STARFRUIT,4960,27,,,,,4964,2,4966.0,27.0,,,4962.0,0.0
1502,-2,150200,STARFRUIT,4960,30,,,,,4965,2,4966.0,2.0,4967.0,28.0,4962.5,0.0
1503,-2,150300,STARFRUIT,4959,31,,,,,4964,8,4966.0,31.0,,,4961.5,0.0
1504,-2,150400,STARFRUIT,4959,21,,,,,4966,21,,,,,4962.5,0.0
1505,-2,150500,STARFRUIT,4964,1,4959.0,31.0,,,4965,31,,,,,4964.5,0.0
1506,-2,150600,STARFRUIT,4958,23,,,,,4965,23,,,,,4961.5,0.0
1507,-2,150700,STARFRUIT,4960,6,4959.0,26.0,,,4966,26,,,,,4963.0,0.0
1508,-2,150800,STARFRUIT,4963,2,4959.0,27.0,,,4964,8,4966.0,27.0,,,4963.5,0.0
1509,-2,150900,STARFRUIT,4959,30,,,,,4966,30,,,,,4962.5,0.0
1510,-2,151000,STARFRUIT,4960,2,4959.0,21.0,,,4966,23,,,,,4963.0,0.0
1511,-2,151100,STARFRUIT,4960,4,4959.0,30.0,,,4966,30,,,,,4963.0,0.0
