,day,timestamp,buyer,seller,symbol,currency,price,quantity
0,-2,0,,,AMETHYSTS,SEASHELLS,9996.0,1
2,-2,0,,,AMETHYSTS,SEASHELLS,9996.0,1
8,-2,1500,,,AMETHYSTS,SEASHELLS,10004.0,1
14,-2,2500,,,AMETHYSTS,SEASHELLS,9998.0,1
16,-2,3200,,,AMETHYSTS,SEASHELLS,9996.0,1
19,-2,3300,,,AMETHYSTS,SEASHELLS,9995.0,2
20,-2,3600,,,AMETHYSTS,SEASHELLS,10005.0,6
22,-2,4000,,,AMETHYSTS,SEASHELLS,9998.0,1
23,-2,4200,,,AMETHYSTS,SEASHELLS,10004.0,2
24,-2,4200,,,AMETHYSTS,SEASHELLS,10004.0,1
32,-2,6700,,,AMETHYSTS,SEASHELLS,9998.0,2
39,-2,7400,,,AMETHYSTS,SEASHELLS,10002.0,1
41,-2,7500,,,AMETHYSTS,SEASHELLS,10002.0,1
45,-2,8600,,,AMETHYSTS,SEASHELLS,10002.0,1
48,-2,8700,,,AMETHYSTS,SEASHELLS,10002.0,2
50,-2,8800,,,AMETHYSTS,SEASHELLS,10002.0,1
51,-2,9600,,,AMETHYSTS,SEASHELLS,10000.0,3
52,-2,10100,,,AMETHYSTS,SEASHELLS,9998.0,1
54,-2,10200,,,AMETHYSTS,SEASHELLS,9996.0,1
55,-2,11100,,,AMETHYSTS,SEASHELLS,10005.0,2
63,-2,13000,,,AMETHYSTS,SEASHELLS,9998.0,1
65,-2,13600,,,AMETHYSTS,SEASHELLS,9998.0,1
67,-2,13900,,,AMETHYSTS,SEASHELLS,9996.0,1
68,-2,13900,,,AMETHYSTS,SEASHELLS,9996.0,1
69,-2,14000,,,AMETHYSTS,SEASHELLS,10005.0,7
72,-2,15100,,,AMETHYSTS,SEASHELLS,10005.0,4
73,-2,15400,,,AMETHYSTS,SEASHELLS,10002.0,5
77,-2,17300,,,AMETHYSTS,SEASHELLS,10002.0,1
81,-2,18200,,,AMETHYSTS,SEASHELLS,9998.0,1
83,-2,18300,,,AMETHYSTS,SEASHELLS,10005.0,2
84,-2,18300,,,AMETHYSTS,SEASHELLS,9998.0,1
86,-2,18500,,,AMETHYSTS,SEASHELLS,10005.0,5
90,-2,19500,,,AMETHYSTS,SEASHELLS,10002.0,1
91,-2,19600,,,AMETHYSTS,SEASHELLS,10002.0,1
92,-2,19900,,,AMETHYSTS,SEASHELLS,10002.0,1
93,-2,20200,,,AMETHYSTS,SEASHELLS,10002.0,1
95,-2,20600,,,AMETHYSTS,SEASHELLS,9998.0,1
96,-2,20600,,,AMETHYSTS,SEASHELLS,9995.0,9
98,-2,20900,,,AMETHYSTS,SEASHELLS,9998.0,1
99,-2,21300,,,AMETHYSTS,SEASHELLS,10002.0,1
104,-2,22700,,,AMETHYSTS,SEASHELLS,9998.0,1
106,-2,23000,,,AMETHYSTS,SEASHELLS,9998.0,4
108,-2,23300,,,AMETHYSTS,SEASHELLS,9998.0,2
109,-2,23900,,,AMETHYSTS,SEASHELLS,9998.0,3
110,-2,23900,,,AMETHYSTS,SEASHELLS,9995.0,8
113,-2,24300,,,AMETHYSTS,SEASHELLS,10002.0,1
115,-2,24600,,,AMETHYSTS,SEASHELLS,9996.0,2
116,-2,24600,,,AMETHYSTS,SEASHELLS,9996.0,2
119,-2,25100,,,AMETHYSTS,SEASHELLS,10002.0,1
122,-2,25600,,,AMETHYSTS,SEASHELLS,10004.0,2
123,-2,25700,,,AMETHYSTS,SEASHELLS,10002.0,3
124,-2,25700,,,AMETHYSTS,SEASHELLS,10002.0,8
127,-2,26400,,,AMETHYSTS,SEASHELLS,10005.0,9
129,-2,27000,,,AMETHYSTS,SEASHELLS,10002.0,1
133,-2,27700,,,AMETHYSTS,SEASHELLS,9998.0,3
134,-2,27700,,,AMETHYSTS,SEASHELLS,9998.0,1
135,-2,27900,,,AMETHYSTS,SEASHELLS,10002.0,4
137,-2,28000,,,AMETHYSTS,SEASHELLS,10005.0,1
139,-2,28300,,,AMETHYSTS,SEASHELLS,9998.0,2
140,-2,28300,,,AMETHYSTS,SEASHELLS,9998.0,1
141,-2,28600,,,AMETHYSTS,SEASHELLS,9998.0,1
142,-2,29400,,,AMETHYSTS,SEASHELLS,10005.0,2
144,-2,29500,,,AMETHYSTS,SEASHELLS,9998.0,3
145,-2,29500,,,AMETHYSTS,SEASHELLS,9998.0,2
149,-2,30400,,,AMETHYSTS,SEASHELLS,10004.0,1
150,-2,30400,,,AMETHYSTS,SEASHELLS,10004.0,6
152,-2,31000,,,AMETHYSTS,SEASHELLS,9996.0,1
156,-2,31300,,,AMETHYSTS,SEASHELLS,9998.0,1
158,-2,31600,,,AMETHYSTS,SEASHELLS,10002.0,3
159,-2,31800,,,AMETHYSTS,SEASHELLS,10002.0,1
161,-2,32100,,,AMETHYSTS,SEASHELLS,10002.0,4
162,-2,32500,,,AMETHYSTS,SEASHELLS,10002.0,1
166,-2,32800,,,AMETHYSTS,SEASHELLS,9995.0,2
167,-2,32800,,,AMETHYSTS,SEASHELLS,9996.0,2
171,-2,33500,,,AMETHYSTS,SEASHELLS,10002.0,3
174,-2,34000,,,AMETHYSTS,SEASHELLS,9998.0,1
175,-2,34100,,,AMETHYSTS,SEASHELLS,10002.0,1
178,-2,35600,,,AMETHYSTS,SEASHELLS,10002.0,1
182,-2,36300,,,AMETHYSTS,SEASHELLS,10005.0,1
183,-2,36500,,,AMETHYSTS,SEASHELLS,10005.0,4
186,-2,37400,,,AMETHYSTS,SEASHELLS,10002.0,1
187,-2,37900,,,AMETHYSTS,SEASHELLS,9995.0,4
189,-2,38400,,,AMETHYSTS,SEASHELLS,10004.0,2
190,-2,38500,,,AMETHYSTS,SEASHELLS,10002.0,6
194,-2,38900,,,AMETHYSTS,SEASHELLS,9995.0,2
195,-2,39100,,,AMETHYSTS,SEASHELLS,10002.0,5
197,-2,39300,,,AMETHYSTS,SEASHELLS,9996.0,1
209,-2,41500,,,AMETHYSTS,SEASHELLS,10002.0,1
210,-2,41500,,,AMETHYSTS,SEASHELLS,10000.0,2
211,-2,41600,,,AMETHYSTS,SEASHELLS,9995.0,1
213,-2,42900,,,AMETHYSTS,SEASHELLS,10002.0,1
217,-2,43100,,,AMETHYSTS,SEASHELLS,10005.0,2
218,-2,43400,,,AMETHYSTS,SEASHELLS,10002.0,1
220,-2,43700,,,AMETHYSTS,SEASHELLS,9998.0,1
223,-2,43900,,,AMETHYSTS,SEASHELLS,10004.0,2
224,-2,44000,,,AMETHYSTS,SEASHELLS,9998.0,1
226,-2,44800,,,AMETHYSTS,SEASHELLS,9996.0,1
228,-2,45100,,,AMETHYSTS,SEASHELLS,9996.0,1
229,-2,45800,,,AMETHYSTS,SEASHELLS,9996.0,1
230,-2,45800,,,AMETHYSTS,SEASHELLS,9996.0,10
231,-2,46200,,,AMETHYSTS,SEASHELLS,9998.0,1
232,-2,46300,,,AMETHYSTS,SEASHELLS,9995.0,1
234,-2,46800,,,AMETHYSTS,SEASHELLS,9996.0,1
241,-2,48300,,,AMETHYSTS,SEASHELLS,9995.0,1
242,-2,48600,,,AMETHYSTS,SEASHELLS,10004.0,1
247,-2,49300,,,AMETHYSTS,SEASHELLS,10005.0,1
249,-2,49700,,,AMETHYSTS,SEASHELLS,9995.0,2
253,-2,50200,,,AMETHYSTS,SEASHELLS,9996.0,1
255,-2,50400,,,AMETHYSTS,SEASHELLS,9996.0,2
257,-2,50900,,,AMETHYSTS,SEASHELLS,9996.0,2
258,-2,51000,,,AMETHYSTS,SEASHELLS,9998.0,1
261,-2,51600,,,AMETHYSTS,SEASHELLS,10002.0,1
263,-2,51900,,,AMETHYSTS,SEASHELLS,10002.0,2
264,-2,52000,,,AMETHYSTS,SEASHELLS,9998.0,2
267,-2,52700,,,AMETHYSTS,SEASHELLS,10002.0,3
268,-2,53000,,,AMETHYSTS,SEASHELLS,9998.0,1
269,-2,53200,,,AMETHYSTS,SEASHELLS,10002.0,1
270,-2,53300,,,AMETHYSTS,SEASHELLS,9998.0,2
271,-2,53600,,,AMETHYSTS,SEASHELLS,9998.0,1
274,-2,53700,,,AMETHYSTS,SEASHELLS,10004.0,2
275,-2,53900,,,AMETHYSTS,SEASHELLS,10002.0,1
277,-2,54300,,,AMETHYSTS,SEASHELLS,9998.0,1
278,-2,54600,,,AMETHYSTS,SEASHELLS,9996.0,1
279,-2,54600,,,AMETHYSTS,SEASHELLS,9996.0,5
282,-2,54900,,,AMETHYSTS,SEASHELLS,10002.0,3
286,-2,56100,,,AMETHYSTS,SEASHELLS,10004.0,1
289,-2,56500,,,AMETHYSTS,SEASHELLS,9998.0,1
290,-2,56700,,,AMETHYSTS,SEASHELLS,10002.0,1
291,-2,57000,,,AMETHYSTS,SEASHELLS,10004.0,1
293,-2,57100,,,AMETHYSTS,SEASHELLS,10002.0,1
296,-2,57200,,,AMETHYSTS,SEASHELLS,10002.0,1
297,-2,57300,,,AMETHYSTS,SEASHELLS,10002.0,1
299,-2,57700,,,AMETHYSTS,SEASHELLS,10002.0,2
303,-2,58400,,,AMETHYSTS,SEASHELLS,9996.0,1
304,-2,58600,,,AMETHYSTS,SEASHELLS,9998.0,1
308,-2,59500,,,AMETHYSTS,SEASHELLS,10005.0,4
309,-2,59700,,,AMETHYSTS,SEASHELLS,10002.0,6
313,-2,60200,,,AMETHYSTS,SEASHELLS,9996.0,1
314,-2,60200,,,AMETHYSTS,SEASHELLS,9996.0,1
317,-2,60300,,,AMETHYSTS,SEASHELLS,9996.0,6
318,-2,60300,,,AMETHYSTS,SEASHELLS,9996.0,2
319,-2,60400,,,AMETHYSTS,SEASHELLS,9998.0,1
321,-2,60500,,,AMETHYSTS,SEASHELLS,9998.0,1
324,-2,61100,,,AMETHYSTS,SEASHELLS,10002.0,1
326,-2,61100,,,AMETHYSTS,SEASHELLS,10005.0,2
328,-2,62300,,,AMETHYSTS,SEASHELLS,10004.0,1
336,-2,63200,,,AMETHYSTS,SEASHELLS,9998.0,1
339,-2,63300,,,AMETHYSTS,SEASHELLS,9998.0,1
340,-2,63500,,,AMETHYSTS,SEASHELLS,9998.0,6
341,-2,63700,,,AMETHYSTS,SEASHELLS,9996.0,1
343,-2,64200,,,AMETHYSTS,SEASHELLS,9995.0,2
346,-2,64500,,,AMETHYSTS,SEASHELLS,10005.0,2
347,-2,64500,,,AMETHYSTS,SEASHELLS,10002.0,1
349,-2,64900,,,AMETHYSTS,SEASHELLS,10005.0,2
350,-2,65300,,,AMETHYSTS,SEASHELLS,9998.0,1
351,-2,65300,,,AMETHYSTS,SEASHELLS,10000.0,2
353,-2,65500,,,AMETHYSTS,SEASHELLS,9998.0,1
354,-2,65600,,,AMETHYSTS,SEASHELLS,9995.0,1
356,-2,65800,,,AMETHYSTS,SEASHELLS,9996.0,1
358,-2,65900,,,AMETHYSTS,SEASHELLS,9998.0,1
359,-2,66000,,,AMETHYSTS,SEASHELLS,9998.0,1
361,-2,66700,,,AMETHYSTS,SEASHELLS,9998.0,2
364,-2,67400,,,AMETHYSTS,SEASHELLS,9996.0,1
368,-2,67900,,,AMETHYSTS,SEASHELLS,9998.0,2
370,-2,68000,,,AMETHYSTS,SEASHELLS,10002.0,5
371,-2,68000,,,AMETHYSTS,SEASHELLS,10005.0,3
372,-2,68100,,,AMETHYSTS,SEASHELLS,10002.0,1
374,-2,68500,,,AMETHYSTS,SEASHELLS,10002.0,1
376,-2,68900,,,AMETHYSTS,SEASHELLS,10002.0,1
380,-2,69300,,,AMETHYSTS,SEASHELLS,10005.0,2
389,-2,71600,,,AMETHYSTS,SEASHELLS,9995.0,10
393,-2,74100,,,AMETHYSTS,SEASHELLS,10002.0,1
395,-2,74400,,,AMETHYSTS,SEASHELLS,10004.0,1
396,-2,74900,,,AMETHYSTS,SEASHELLS,10002.0,1
399,-2,75200,,,AMETHYSTS,SEASHELLS,9996.0,1
402,-2,76400,,,AMETHYSTS,SEASHELLS,10002.0,1
406,-2,77700,,,AMETHYSTS,SEASHELLS,9998.0,5
409,-2,78000,,,AMETHYSTS,SEASHELLS,10002.0,2
411,-2,78300,,,AMETHYSTS,SEASHELLS,9995.0,2
414,-2,79000,,,AMETHYSTS,SEASHELLS,10005.0,2
416,-2,79000,,,AMETHYSTS,SEASHELLS,10004.0,1
417,-2,79500,,,AMETHYSTS,SEASHELLS,10002.0,1
420,-2,80300,,,AMETHYSTS,SEASHELLS,10002.0,1
422,-2,80800,,,AMETHYSTS,SEASHELLS,10002.0,1
423,-2,81300,,,AMETHYSTS,SEASHELLS,9998.0,1
425,-2,81700,,,AMETHYSTS,SEASHELLS,10002.0,1
427,-2,81800,,,AMETHYSTS,SEASHELLS,9998.0,1
430,-2,82300,,,AMETHYSTS,SEASHELLS,10004.0,1
433,-2,83200,,,AMETHYSTS,SEASHELLS,9996.0,1
434,-2,83200,,,AMETHYSTS,SEASHELLS,9996.0,1
438,-2,83700,,,AMETHYSTS,SEASHELLS,10004.0,1
442,-2,84600,,,AMETHYSTS,SEASHELLS,10004.0,2
445,-2,85000,,,AMETHYSTS,SEASHELLS,9998.0,5
446,-2,85700,,,AMETHYSTS,SEASHELLS,9995.0,2
447,-2,85700,,,AMETHYSTS,SEASHELLS,10005.0,4
449,-2,85900,,,AMETHYSTS,SEASHELLS,9998.0,2
452,-2,86000,,,AMETHYSTS,SEASHELLS,10002.0,1
455,-2,86300,,,AMETHYSTS,SEASHELLS,9998.0,1
456,-2,86500,,,AMETHYSTS,SEASHELLS,10002.0,1
458,-2,87900,,,AMETHYSTS,SEASHELLS,10002.0,4
460,-2,88300,,,AMETHYSTS,SEASHELLS,10004.0,2
461,-2,88500,,,AMETHYSTS,SEASHELLS,10002.0,5
463,-2,88600,,,AMETHYSTS,SEASHELLS,9998.0,1
473,-2,90100,,,AMETHYSTS,SEASHELLS,10004.0,1
476,-2,90700,,,AMETHYSTS,SEASHELLS,10002.0,6
478,-2,91000,,,AMETHYSTS,SEASHELLS,9998.0,1
480,-2,91400,,,AMETHYSTS,SEASHELLS,10002.0,1
482,-2,91900,,,AMETHYSTS,SEASHELLS,10002.0,1
485,-2,92300,,,AMETHYSTS,SEASHELLS,9996.0,1
488,-2,93000,,,AMETHYSTS,SEASHELLS,10002.0,1
489,-2,93100,,,AMETHYSTS,SEASHELLS,9998.0,1
492,-2,93300,,,AMETHYSTS,SEASHELLS,9998.0,1
494,-2,93500,,,AMETHYSTS,SEASHELLS,9998.0,1
495,-2,93700,,,AMETHYSTS,SEASHELLS,10002.0,1
496,-2,93900,,,AMETHYSTS,SEASHELLS,9998.0,1
498,-2,94700,,,AMETHYSTS,SEASHELLS,9996.0,9
499,-2,94700,,,AMETHYSTS,SEASHELLS,9996.0,2
500,-2,94800,,,AMETHYSTS,SEASHELLS,10002.0,4
502,-2,95100,,,AMETHYSTS,SEASHELLS,9996.0,2
503,-2,95300,,,AMETHYSTS,SEASHELLS,10002.0,1
507,-2,95900,,,AMETHYSTS,SEASHELLS,10002.0,3
509,-2,95900,,,AMETHYSTS,SEASHELLS,10002.0,5
511,-2,96100,,,AMETHYSTS,SEASHELLS,9995.0,1
514,-2,96400,,,AMETHYSTS,SEASHELLS,10002.0,3
517,-2,96900,,,AMETHYSTS,SEASHELLS,10005.0,3
519,-2,97200,,,AMETHYSTS,SEASHELLS,10005.0,12
521,-2,97300,,,AMETHYSTS,SEASHELLS,10004.0,1
522,-2,97400,,,AMETHYSTS,SEASHELLS,9998.0,1
523,-2,97600,,,AMETHYSTS,SEASHELLS,9998.0,1
524,-2,97900,,,AMETHYSTS,SEASHELLS,10002.0,4
526,-2,98100,,,AMETHYSTS,SEASHELLS,10002.0,1
528,-2,98300,,,AMETHYSTS,SEASHELLS,9998.0,1
535,-2,98800,,,AMETHYSTS,SEASHELLS,9996.0,1
536,-2,99000,,,AMETHYSTS,SEASHELLS,9998.0,1
540,-2,100100,,,AMETHYSTS,SEASHELLS,9998.0,1
542,-2,100500,,,AMETHYSTS,SEASHELLS,9998.0,1
545,-2,102200,,,AMETHYSTS,SEASHELLS,10004.0,2
546,-2,102300,,,AMETHYSTS,SEASHELLS,10002.0,1
547,-2,102300,,,AMETHYSTS,SEASHELLS,10002.0,3
549,-2,102500,,,AMETHYSTS,SEASHELLS,10002.0,1
550,-2,102900,,,AMETHYSTS,SEASHELLS,9998.0,1
552,-2,103100,,,AMETHYSTS,SEASHELLS,9995.0,2
555,-2,104000,,,AMETHYSTS,SEASHELLS,9998.0,1
557,-2,104200,,,AMETHYSTS,SEASHELLS,9998.0,1
558,-2,104200,,,AMETHYSTS,SEASHELLS,9998.0,2
559,-2,104300,,,AMETHYSTS,SEASHELLS,9998.0,2
561,-2,104400,,,AMETHYSTS,SEASHELLS,9998.0,1
563,-2,104400,,,AMETHYSTS,SEASHELLS,9995.0,2
564,-2,104700,,,AMETHYSTS,SEASHELLS,10002.0,1
567,-2,105100,,,AMETHYSTS,SEASHELLS,10002.0,1
569,-2,105900,,,AMETHYSTS,SEASHELLS,10002.0,5
572,-2,106800,,,AMETHYSTS,SEASHELLS,10005.0,2
574,-2,107200,,,AMETHYSTS,SEASHELLS,9995.0,4
576,-2,107500,,,AMETHYSTS,SEASHELLS,10002.0,2
577,-2,107700,,,AMETHYSTS,SEASHELLS,10004.0,2
579,-2,108000,,,AMETHYSTS,SEASHELLS,9998.0,6
580,-2,108000,,,AMETHYSTS,SEASHELLS,9998.0,5
582,-2,108300,,,AMETHYSTS,SEASHELLS,9998.0,1
584,-2,108600,,,AMETHYSTS,SEASHELLS,10002.0,1
586,-2,108700,,,AMETHYSTS,SEASHELLS,9995.0,10
588,-2,108900,,,AMETHYSTS,SEASHELLS,10004.0,1
590,-2,109100,,,AMETHYSTS,SEASHELLS,10002.0,2
593,-2,109900,,,AMETHYSTS,SEASHELLS,10005.0,1
597,-2,111300,,,AMETHYSTS,SEASHELLS,9995.0,1
598,-2,111600,,,AMETHYSTS,SEASHELLS,9996.0,2
600,-2,112000,,,AMETHYSTS,SEASHELLS,10002.0,1
601,-2,112200,,,AMETHYSTS,SEASHELLS,10002.0,1
604,-2,112500,,,AMETHYSTS,SEASHELLS,10002.0,1
609,-2,113400,,,AMETHYSTS,SEASHELLS,10004.0,1
611,-2,113800,,,AMETHYSTS,SEASHELLS,9996.0,1
615,-2,114700,,,AMETHYSTS,SEASHELLS,10005.0,12
616,-2,114700,,,AMETHYSTS,SEASHELLS,9995.0,4
621,-2,115600,,,AMETHYSTS,SEASHELLS,9998.0,1
622,-2,115800,,,AMETHYSTS,SEASHELLS,9998.0,1
628,-2,118000,,,AMETHYSTS,SEASHELLS,9995.0,1
633,-2,119300,,,AMETHYSTS,SEASHELLS,10002.0,1
637,-2,120200,,,AMETHYSTS,SEASHELLS,10002.0,1
639,-2,120500,,,AMETHYSTS,SEASHELLS,9998.0,3
642,-2,120800,,,AMETHYSTS,SEASHELLS,10000.0,2
643,-2,120900,,,AMETHYSTS,SEASHELLS,9998.0,1
645,-2,121800,,,AMETHYSTS,SEASHELLS,9998.0,2
647,-2,122300,,,AMETHYSTS,SEASHELLS,10004.0,2
648,-2,122300,,,AMETHYSTS,SEASHELLS,10004.0,3
650,-2,123000,,,AMETHYSTS,SEASHELLS,9998.0,1
656,-2,124400,,,AMETHYSTS,SEASHELLS,10002.0,1
657,-2,124500,,,AMETHYSTS,SEASHELLS,9995.0,5
658,-2,124700,,,AMETHYSTS,SEASHELLS,9998.0,1
659,-2,124900,,,AMETHYSTS,SEASHELLS,10002.0,2
662,-2,125100,,,AMETHYSTS,SEASHELLS,9998.0,1
664,-2,125200,,,AMETHYSTS,SEASHELLS,10004.0,1
665,-2,125300,,,AMETHYSTS,SEASHELLS,10005.0,2
668,-2,125400,,,AMETHYSTS,SEASHELLS,9996.0,2
669,-2,126400,,,AMETHYSTS,SEASHELLS,9996.0,3
670,-2,126400,,,AMETHYSTS,SEASHELLS,9996.0,1
671,-2,126500,,,AMETHYSTS,SEASHELLS,9998.0,4
672,-2,127000,,,AMETHYSTS,SEASHELLS,9995.0,12
673,-2,127200,,,AMETHYSTS,SEASHELLS,10002.0,2
676,-2,127400,,,AMETHYSTS,SEASHELLS,10002.0,1
678,-2,127800,,,AMETHYSTS,SEASHELLS,10004.0,2
679,-2,127900,,,AMETHYSTS,SEASHELLS,10002.0,1
681,-2,129200,,,AMETHYSTS,SEASHELLS,9995.0,2
685,-2,129700,,,AMETHYSTS,SEASHELLS,9995.0,1
687,-2,130100,,,AMETHYSTS,SEASHELLS,10002.0,4
688,-2,130100,,,AMETHYSTS,SEASHELLS,10002.0,1
690,-2,130300,,,AMETHYSTS,SEASHELLS,9998.0,3
694,-2,130500,,,AMETHYSTS,SEASHELLS,9998.0,3
695,-2,131200,,,AMETHYSTS,SEASHELLS,9998.0,1
696,-2,131400,,,AMETHYSTS,SEASHELLS,9998.0,3
697,-2,131600,,,AMETHYSTS,SEASHELLS,9998.0,1
699,-2,132000,,,AMETHYSTS,SEASHELLS,10004.0,1
700,-2,132100,,,AMETHYSTS,SEASHELLS,9998.0,5
701,-2,132300,,,AMETHYSTS,SEASHELLS,10000.0,1
703,-2,132700,,,AMETHYSTS,SEASHELLS,10004.0,9
704,-2,132700,,,AMETHYSTS,SEASHELLS,10004.0,1
707,-2,133400,,,AMETHYSTS,SEASHELLS,10004.0,1
709,-2,133700,,,AMETHYSTS,SEASHELLS,10004.0,1
714,-2,134700,,,AMETHYSTS,SEASHELLS,10004.0,1
715,-2,134800,,,AMETHYSTS,SEASHELLS,10004.0,2
716,-2,134900,,,AMETHYSTS,SEASHELLS,10002.0,1
721,-2,136500,,,AMETHYSTS,SEASHELLS,10005.0,2
722,-2,136800,,,AMETHYSTS,SEASHELLS,9998.0,2
725,-2,137700,,,AMETHYSTS,SEASHELLS,10004.0,1
726,-2,139100,,,AMETHYSTS,SEASHELLS,9998.0,5
727,-2,139400,,,AMETHYSTS,SEASHELLS,9996.0,2
728,-2,139400,,,AMETHYSTS,SEASHELLS,9996.0,1
730,-2,140700,,,AMETHYSTS,SEASHELLS,9998.0,2
733,-2,141100,,,AMETHYSTS,SEASHELLS,9998.0,1
738,-2,142000,,,AMETHYSTS,SEASHELLS,9996.0,1
741,-2,142400,,,AMETHYSTS,SEASHELLS,10004.0,1
746,-2,143100,,,AMETHYSTS,SEASHELLS,9995.0,2
748,-2,143200,,,AMETHYSTS,SEASHELLS,9995.0,1
749,-2,143200,,,AMETHYSTS,SEASHELLS,9998.0,1
751,-2,143800,,,AMETHYSTS,SEASHELLS,9998.0,1
752,-2,144100,,,AMETHYSTS,SEASHELLS,10002.0,1
754,-2,144200,,,AMETHYSTS,SEASHELLS,10004.0,1
755,-2,144600,,,AMETHYSTS,SEASHELLS,9998.0,3
757,-2,144900,,,AMETHYSTS,SEASHELLS,10002.0,1
758,-2,145800,,,AMETHYSTS,SEASHELLS,9998.0,3
762,-2,145900,,,AMETHYSTS,SEASHELLS,10004.0,1
765,-2,146300,,,AMETHYSTS,SEASHELLS,10005.0,2
767,-2,146700,,,AMETHYSTS,SEASHELLS,10005.0,5
770,-2,146900,,,AMETHYSTS,SEASHELLS,10004.0,8
771,-2,146900,,,AMETHYSTS,SEASHELLS,10004.0,2
776,-2,147400,,,AMETHYSTS,SEASHELLS,9995.0,1
777,-2,147800,,,AMETHYSTS,SEASHELLS,9998.0,1
779,-2,148000,,,AMETHYSTS,SEASHELLS,10000.0,1
780,-2,148000,,,AMETHYSTS,SEASHELLS,9998.0,1
783,-2,148200,,,AMETHYSTS,SEASHELLS,9995.0,2
793,-2,150100,,,AMETHYSTS,SEASHELLS,10004.0,1
796,-2,150300,,,AMETHYSTS,SEASHELLS,9996.0,1
798,-2,151400,,,AMETHYSTS,SEASHELLS,10002.0,1
800,-2,152000,,,AMETHYSTS,SEASHELLS,10002.0,6
801,-2,152100,,,AMETHYSTS,SEASHELLS,10004.0,2
805,-2,153200,,,AMETHYSTS,SEASHELLS,9995.0,5
808,-2,153500,,,AMETHYSTS,SEASHELLS,10002.0,1
810,-2,153700,,,AMETHYSTS,SEASHELLS,9998.0,1
813,-2,154100,,,AMETHYSTS,SEASHELLS,9998.0,2
814,-2,154400,,,AMETHYSTS,SEASHELLS,10002.0,2
815,-2,154600,,,AMETHYSTS,SEASHELLS,10002.0,1
819,-2,155200,,,AMETHYSTS,SEASHELLS,10002.0,1
821,-2,155600,,,AMETHYSTS,SEASHELLS,9998.0,1
822,-2,155700,,,AMETHYSTS,SEASHELLS,10002.0,1
825,-2,156500,,,AMETHYSTS,SEASHELLS,10002.0,1
826,-2,156700,,,AMETHYSTS,SEASHELLS,10004.0,2
830,-2,157400,,,AMETHYSTS,SEASHELLS,10002.0,1
833,-2,157700,,,AMETHYSTS,SEASHELLS,10004.0,1
835,-2,157900,,,AMETHYSTS,SEASHELLS,10005.0,2
836,-2,158000,,,AMETHYSTS,SEASHELLS,10002.0,1
838,-2,158200,,,AMETHYSTS,SEASHELLS,9998.0,8
839,-2,158300,,,AMETHYSTS,SEASHELLS,10002.0,1
842,-2,159200,,,AMETHYSTS,SEASHELLS,9998.0,2
844,-2,159400,,,AMETHYSTS,SEASHELLS,10002.0,1
847,-2,159900,,,AMETHYSTS,SEASHELLS,9996.0,2
857,-2,162000,,,AMETHYSTS,SEASHELLS,10005.0,2
859,-2,162300,,,AMETHYSTS,SEASHELLS,10002.0,2
862,-2,162700,,,AMETHYSTS,SEASHELLS,9996.0,1
864,-2,162800,,,AMETHYSTS,SEASHELLS,9995.0,2
870,-2,163900,,,AMETHYSTS,SEASHELLS,10002.0,4
871,-2,163900,,,AMETHYSTS,SEASHELLS,10002.0,1
872,-2,164000,,,AMETHYSTS,SEASHELLS,10000.0,3
873,-2,164600,,,AMETHYSTS,SEASHELLS,9998.0,1
874,-2,164800,,,AMETHYSTS,SEASHELLS,9998.0,1
876,-2,165000,,,AMETHYSTS,SEASHELLS,10002.0,2
877,-2,165300,,,AMETHYSTS,SEASHELLS,9996.0,3
878,-2,165300,,,AMETHYSTS,SEASHELLS,9996.0,1
881,-2,166100,,,AMETHYSTS,SEASHELLS,10002.0,1
882,-2,166300,,,AMETHYSTS,SEASHELLS,10002.0,1
883,-2,166400,,,AMETHYSTS,SEASHELLS,10002.0,1
885,-2,166700,,,AMETHYSTS,SEASHELLS,10002.0,1
888,-2,167300,,,AMETHYSTS,SEASHELLS,10005.0,2
889,-2,168100,,,AMETHYSTS,SEASHELLS,10002.0,1
890,-2,168200,,,AMETHYSTS,SEASHELLS,9995.0,1
892,-2,168900,,,AMETHYSTS,SEASHELLS,9998.0,5
894,-2,169300,,,AMETHYSTS,SEASHELLS,10002.0,1
900,-2,170000,,,AMETHYSTS,SEASHELLS,10002.0,2
902,-2,170200,,,AMETHYSTS,SEASHELLS,10004.0,1
904,-2,171400,,,AMETHYSTS,SEASHELLS,9998.0,1
905,-2,171700,,,AMETHYSTS,SEASHELLS,10004.0,1
908,-2,172100,,,AMETHYSTS,SEASHELLS,10002.0,1
909,-2,172200,,,AMETHYSTS,SEASHELLS,10002.0,1
910,-2,172300,,,AMETHYSTS,SEASHELLS,10002.0,1
911,-2,172600,,,AMETHYSTS,SEASHELLS,10002.0,1
912,-2,172700,,,AMETHYSTS,SEASHELLS,10004.0,2
913,-2,173100,,,AMETHYSTS,SEASHELLS,10005.0,4
915,-2,173700,,,AMETHYSTS,SEASHELLS,9998.0,1
916,-2,174100,,,AMETHYSTS,SEASHELLS,9998.0,1
920,-2,174900,,,AMETHYSTS,SEASHELLS,10002.0,1
924,-2,175200,,,AMETHYSTS,SEASHELLS,9996.0,2
925,-2,175200,,,AMETHYSTS,SEASHELLS,9998.0,1
926,-2,175500,,,AMETHYSTS,SEASHELLS,10004.0,1
930,-2,176100,,,AMETHYSTS,SEASHELLS,10002.0,1
931,-2,176500,,,AMETHYSTS,SEASHELLS,10004.0,1
934,-2,176900,,,AMETHYSTS,SEASHELLS,10005.0,9
938,-2,177900,,,AMETHYSTS,SEASHELLS,9998.0,3
943,-2,179600,,,AMETHYSTS,SEASHELLS,10002.0,1
947,-2,180900,,,AMETHYSTS,SEASHELLS,9998.0,1
948,-2,180900,,,AMETHYSTS,SEASHELLS,9998.0,2
949,-2,181000,,,AMETHYSTS,SEASHELLS,10002.0,1
952,-2,181600,,,AMETHYSTS,SEASHELLS,9996.0,1
953,-2,181800,,,AMETHYSTS,SEASHELLS,10005.0,2
955,-2,182300,,,AMETHYSTS,SEASHELLS,9998.0,3
956,-2,182300,,,AMETHYSTS,SEASHELLS,9998.0,1
957,-2,182500,,,AMETHYSTS,SEASHELLS,10002.0,1
958,-2,182700,,,AMETHYSTS,SEASHELLS,9996.0,2
959,-2,182900,,,AMETHYSTS,SEASHELLS,10002.0,1
961,-2,183100,,,AMETHYSTS,SEASHELLS,10002.0,1
963,-2,183900,,,AMETHYSTS,SEASHELLS,10002.0,1
966,-2,184800,,,AMETHYSTS,SEASHELLS,10000.0,2
967,-2,185000,,,AMETHYSTS,SEASHELLS,9995.0,1
971,-2,186000,,,AMETHYSTS,SEASHELLS,9995.0,1
973,-2,186500,,,AMETHYSTS,SEASHELLS,9996.0,1
976,-2,186800,,,AMETHYSTS,SEASHELLS,9995.0,6
977,-2,186800,,,AMETHYSTS,SEASHELLS,9995.0,1
978,-2,186900,,,AMETHYSTS,SEASHELLS,10004.0,9
979,-2,186900,,,AMETHYSTS,SEASHELLS,10002.0,5
980,-2,186900,,,AMETHYSTS,SEASHELLS,10004.0,2
982,-2,187300,,,AMETHYSTS,SEASHELLS,9998.0,2
989,-2,188700,,,AMETHYSTS,SEASHELLS,10002.0,1
991,-2,189000,,,AMETHYSTS,SEASHELLS,10002.0,1
995,-2,189700,,,AMETHYSTS,SEASHELLS,10005.0,1
997,-2,189900,,,AMETHYSTS,SEASHELLS,9998.0,1
998,-2,190400,,,AMETHYSTS,SEASHELLS,10002.0,1
999,-2,190400,,,AMETHYSTS,SEASHELLS,10002.0,4
1002,-2,191500,,,AMETHYSTS,SEASHELLS,9995.0,2
1003,-2,191600,,,AMETHYSTS,SEASHELLS,9998.0,3
1005,-2,191900,,,AMETHYSTS,SEASHELLS,10002.0,1
1007,-2,193400,,,AMETHYSTS,SEASHELLS,10002.0,2
1010,-2,193600,,,AMETHYSTS,SEASHELLS,9995.0,2
1013,-2,194600,,,AMETHYSTS,SEASHELLS,9998.0,2
1015,-2,195700,,,AMETHYSTS,SEASHELLS,10002.0,1
1018,-2,196600,,,AMETHYSTS,SEASHELLS,9998.0,1
1020,-2,196700,,,AMETHYSTS,SEASHELLS,9998.0,2
1022,-2,196800,,,AMETHYSTS,SEASHELLS,9998.0,4
1024,-2,197100,,,AMETHYSTS,SEASHELLS,9998.0,4
1025,-2,197200,,,AMETHYSTS,SEASHELLS,10002.0,1
1027,-2,197300,,,AMETHYSTS,SEASHELLS,10004.0,2
1029,-2,197400,,,AMETHYSTS,SEASHELLS,9998.0,4
1030,-2,197600,,,AMETHYSTS,SEASHELLS,9998.0,1
1031,-2,197900,,,AMETHYSTS,SEASHELLS,9998.0,5
1033,-2,198000,,,AMETHYSTS,SEASHELLS,10004.0,1
1038,-2,198700,,,AMETHYSTS,SEASHELLS,9998.0,5
1041,-2,199000,,,AMETHYSTS,SEASHELLS,9996.0,1
1044,-2,199400,,,AMETHYSTS,SEASHELLS,10002.0,2
1049,-2,200100,,,AMETHYSTS,SEASHELLS,9996.0,1
1051,-2,200300,,,AMETHYSTS,SEASHELLS,9996.0,1
1054,-2,200300,,,AMETHYSTS,SEASHELLS,9996.0,1
1055,-2,200400,,,AMETHYSTS,SEASHELLS,10004.0,7
1056,-2,200400,,,AMETHYSTS,SEASHELLS,10004.0,1
1057,-2,200500,,,AMETHYSTS,SEASHELLS,10004.0,2
1059,-2,200600,,,AMETHYSTS,SEASHELLS,10002.0,2
1060,-2,200600,,,AMETHYSTS,SEASHELLS,10002.0,1
1062,-2,201700,,,AMETHYSTS,SEASHELLS,9998.0,1
1063,-2,201700,,,AMETHYSTS,SEASHELLS,9996.0,2
1064,-2,201700,,,AMETHYSTS,SEASHELLS,9996.0,1
1065,-2,201900,,,AMETHYSTS,SEASHELLS,9998.0,1
1068,-2,202800,,,AMETHYSTS,SEASHELLS,9998.0,1
1069,-2,202900,,,AMETHYSTS,SEASHELLS,9996.0,1
1072,-2,203800,,,AMETHYSTS,SEASHELLS,9998.0,1
1073,-2,203900,,,AMETHYSTS,SEASHELLS,9998.0,2
1075,-2,204200,,,AMETHYSTS,SEASHELLS,10002.0,1
1079,-2,204400,,,AMETHYSTS,SEASHELLS,10002.0,1
1080,-2,204600,,,AMETHYSTS,SEASHELLS,10000.0,3
1081,-2,204800,,,AMETHYSTS,SEASHELLS,9998.0,1
1082,-2,204800,,,AMETHYSTS,SEASHELLS,9998.0,4
1083,-2,204800,,,AMETHYSTS,SEASHELLS,10002.0,6
1086,-2,205200,,,AMETHYSTS,SEASHELLS,9996.0,2
1088,-2,205300,,,AMETHYSTS,SEASHELLS,10004.0,1
1089,-2,205600,,,AMETHYSTS,SEASHELLS,9995.0,8
1090,-2,205900,,,AMETHYSTS,SEASHELLS,9998.0,1
1091,-2,206200,,,AMETHYSTS,SEASHELLS,9998.0,1
1092,-2,206400,,,AMETHYSTS,SEASHELLS,9995.0,1
1097,-2,207100,,,AMETHYSTS,SEASHELLS,10005.0,2
1101,-2,207800,,,AMETHYSTS,SEASHELLS,9998.0,4
1106,-2,208500,,,AMETHYSTS,SEASHELLS,9998.0,1
1107,-2,209000,,,AMETHYSTS,SEASHELLS,9998.0,4
1108,-2,209300,,,AMETHYSTS,SEASHELLS,9995.0,1
1112,-2,209900,,,AMETHYSTS,SEASHELLS,9996.0,2
1115,-2,210000,,,AMETHYSTS,SEASHELLS,9995.0,4
1116,-2,210000,,,AMETHYSTS,SEASHELLS,9998.0,1
1118,-2,210400,,,AMETHYSTS,SEASHELLS,10002.0,1
1121,-2,212700,,,AMETHYSTS,SEASHELLS,9996.0,2
1123,-2,212800,,,AMETHYSTS,SEASHELLS,10002.0,3
1124,-2,212900,,,AMETHYSTS,SEASHELLS,9998.0,5
1125,-2,213100,,,AMETHYSTS,SEASHELLS,9998.0,1
1126,-2,213100,,,AMETHYSTS,SEASHELLS,9998.0,3
1127,-2,213400,,,AMETHYSTS,SEASHELLS,9998.0,2
1128,-2,214400,,,AMETHYSTS,SEASHELLS,10004.0,2
1129,-2,214600,,,AMETHYSTS,SEASHELLS,9998.0,1
1132,-2,215100,,,AMETHYSTS,SEASHELLS,10005.0,2
1134,-2,215200,,,AMETHYSTS,SEASHELLS,10002.0,1
1138,-2,216500,,,AMETHYSTS,SEASHELLS,10002.0,1
1144,-2,217100,,,AMETHYSTS,SEASHELLS,10004.0,1
1145,-2,217500,,,AMETHYSTS,SEASHELLS,10002.0,1
1147,-2,217900,,,AMETHYSTS,SEASHELLS,9996.0,1
1148,-2,218100,,,AMETHYSTS,SEASHELLS,9998.0,1
1150,-2,218400,,,AMETHYSTS,SEASHELLS,10005.0,1
1154,-2,220100,,,AMETHYSTS,SEASHELLS,9996.0,1
1156,-2,220300,,,AMETHYSTS,SEASHELLS,10002.0,1
1162,-2,222500,,,AMETHYSTS,SEASHELLS,9998.0,1
1164,-2,222600,,,AMETHYSTS,SEASHELLS,10002.0,1
1165,-2,222900,,,AMETHYSTS,SEASHELLS,10005.0,8
1166,-2,223200,,,AMETHYSTS,SEASHELLS,10002.0,1
1169,-2,223900,,,AMETHYSTS,SEASHELLS,10002.0,3
1172,-2,224300,,,AMETHYSTS,SEASHELLS,10004.0,2
1173,-2,224500,,,AMETHYSTS,SEASHELLS,10004.0,1
1176,-2,224800,,,AMETHYSTS,SEASHELLS,10005.0,7
1181,-2,226000,,,AMETHYSTS,SEASHELLS,9995.0,2
1183,-2,226100,,,AMETHYSTS,SEASHELLS,10005.0,1
1185,-2,226300,,,AMETHYSTS,SEASHELLS,10002.0,1
1188,-2,226500,,,AMETHYSTS,SEASHELLS,10002.0,1
1192,-2,227400,,,AMETHYSTS,SEASHELLS,9998.0,5
1194,-2,227600,,,AMETHYSTS,SEASHELLS,9998.0,3
1195,-2,227600,,,AMETHYSTS,SEASHELLS,9998.0,1
1196,-2,227600,,,AMETHYSTS,SEASHELLS,9998.0,3
1199,-2,227700,,,AMETHYSTS,SEASHELLS,10004.0,1
1200,-2,227700,,,AMETHYSTS,SEASHELLS,9998.0,4
1203,-2,228300,,,AMETHYSTS,SEASHELLS,9998.0,4
1204,-2,228700,,,AMETHYSTS,SEASHELLS,9998.0,1
1205,-2,229200,,,AMETHYSTS,SEASHELLS,10005.0,8
1206,-2,229600,,,AMETHYSTS,SEASHELLS,10002.0,4
1207,-2,230000,,,AMETHYSTS,SEASHELLS,10002.0,1
1209,-2,230600,,,AMETHYSTS,SEASHELLS,9996.0,2
1216,-2,232700,,,AMETHYSTS,SEASHELLS,9998.0,2
1217,-2,233000,,,AMETHYSTS,SEASHELLS,9998.0,4
1219,-2,233100,,,AMETHYSTS,SEASHELLS,10002.0,1
1220,-2,233200,,,AMETHYSTS,SEASHELLS,9998.0,1
1221,-2,233500,,,AMETHYSTS,SEASHELLS,10002.0,1
1223,-2,234500,,,AMETHYSTS,SEASHELLS,9998.0,1
1225,-2,234800,,,AMETHYSTS,SEASHELLS,9998.0,1
1226,-2,235400,,,AMETHYSTS,SEASHELLS,9998.0,1
1228,-2,235700,,,AMETHYSTS,SEASHELLS,10002.0,1
1229,-2,236100,,,AMETHYSTS,SEASHELLS,9995.0,12
1230,-2,236100,,,AMETHYSTS,SEASHELLS,9998.0,1
1231,-2,236100,,,AMETHYSTS,SEASHELLS,9995.0,5
1232,-2,236400,,,AMETHYSTS,SEASHELLS,9998.0,1
1234,-2,236400,,,AMETHYSTS,SEASHELLS,9996.0,2
1235,-2,236500,,,AMETHYSTS,SEASHELLS,9995.0,2
1238,-2,236600,,,AMETHYSTS,SEASHELLS,10000.0,3
1242,-2,237000,,,AMETHYSTS,SEASHELLS,10005.0,1
1243,-2,237000,,,AMETHYSTS,SEASHELLS,10004.0,1
1244,-2,237100,,,AMETHYSTS,SEASHELLS,9998.0,1
1245,-2,237100,,,AMETHYSTS,SEASHELLS,9995.0,4
1248,-2,237900,,,AMETHYSTS,SEASHELLS,10004.0,1
1250,-2,238000,,,AMETHYSTS,SEASHELLS,10004.0,1
1254,-2,238700,,,AMETHYSTS,SEASHELLS,10002.0,1
1258,-2,239400,,,AMETHYSTS,SEASHELLS,10002.0,1
1259,-2,239800,,,AMETHYSTS,SEASHELLS,9998.0,1
1260,-2,240100,,,AMETHYSTS,SEASHELLS,9998.0,1
1261,-2,240700,,,AMETHYSTS,SEASHELLS,9998.0,1
1264,-2,241200,,,AMETHYSTS,SEASHELLS,9998.0,3
1265,-2,241300,,,AMETHYSTS,SEASHELLS,9998.0,8
1266,-2,241300,,,AMETHYSTS,SEASHELLS,9998.0,4
1267,-2,241400,,,AMETHYSTS,SEASHELLS,9996.0,1
1268,-2,241400,,,AMETHYSTS,SEASHELLS,9996.0,9
1272,-2,241700,,,AMETHYSTS,SEASHELLS,10002.0,2
1273,-2,241800,,,AMETHYSTS,SEASHELLS,10002.0,1
1274,-2,242200,,,AMETHYSTS,SEASHELLS,9998.0,1
1275,-2,242300,,,AMETHYSTS,SEASHELLS,10002.0,1
1278,-2,242800,,,AMETHYSTS,SEASHELLS,10005.0,8
1281,-2,243200,,,AMETHYSTS,SEASHELLS,10005.0,4
1283,-2,243300,,,AMETHYSTS,SEASHELLS,9998.0,3
1285,-2,243400,,,AMETHYSTS,SEASHELLS,9996.0,1
1289,-2,243700,,,AMETHYSTS,SEASHELLS,9996.0,1
1291,-2,244100,,,AMETHYSTS,SEASHELLS,9998.0,1
1293,-2,244400,,,AMETHYSTS,SEASHELLS,9998.0,1
1295,-2,244900,,,AMETHYSTS,SEASHELLS,10002.0,1
1296,-2,245000,,,AMETHYSTS,SEASHELLS,10002.0,8
1299,-2,246100,,,AMETHYSTS,SEASHELLS,10002.0,3
1300,-2,246200,,,AMETHYSTS,SEASHELLS,10002.0,3
1302,-2,247100,,,AMETHYSTS,SEASHELLS,9998.0,1
1305,-2,247600,,,AMETHYSTS,SEASHELLS,9998.0,2
1307,-2,247600,,,AMETHYSTS,SEASHELLS,9998.0,1
1308,-2,247600,,,AMETHYSTS,SEASHELLS,9998.0,4
1309,-2,247700,,,AMETHYSTS,SEASHELLS,9998.0,6
1310,-2,247700,,,AMETHYSTS,SEASHELLS,9996.0,2
1312,-2,247900,,,AMETHYSTS,SEASHELLS,9996.0,9
1313,-2,247900,,,AMETHYSTS,SEASHELLS,9996.0,1
1315,-2,248400,,,AMETHYSTS,SEASHELLS,9996.0,1
1316,-2,248700,,,AMETHYSTS,SEASHELLS,9998.0,1
1318,-2,249000,,,AMETHYSTS,SEASHELLS,10002.0,1
1319,-2,249300,,,AMETHYSTS,SEASHELLS,9998.0,1
1321,-2,249400,,,AMETHYSTS,SEASHELLS,9998.0,1
1322,-2,249800,,,AMETHYSTS,SEASHELLS,10002.0,1
1324,-2,249900,,,AMETHYSTS,SEASHELLS,10002.0,1
1325,-2,250500,,,AMETHYSTS,SEASHELLS,10005.0,2
1326,-2,250500,,,AMETHYSTS,SEASHELLS,10002.0,1
1329,-2,250700,,,AMETHYSTS,SEASHELLS,9998.0,3
1330,-2,251100,,,AMETHYSTS,SEASHELLS,10002.0,5
1332,-2,251700,,,AMETHYSTS,SEASHELLS,9996.0,2
1333,-2,251700,,,AMETHYSTS,SEASHELLS,9998.0,1
1334,-2,251700,,,AMETHYSTS,SEASHELLS,9996.0,2
1337,-2,252300,,,AMETHYSTS,SEASHELLS,10002.0,5
1340,-2,252800,,,AMETHYSTS,SEASHELLS,9996.0,2
1342,-2,253500,,,AMETHYSTS,SEASHELLS,9996.0,1
1344,-2,253800,,,AMETHYSTS,SEASHELLS,10002.0,1
1346,-2,254000,,,AMETHYSTS,SEASHELLS,10005.0,2
1349,-2,254700,,,AMETHYSTS,SEASHELLS,10004.0,1
1350,-2,254800,,,AMETHYSTS,SEASHELLS,10002.0,1
1352,-2,255100,,,AMETHYSTS,SEASHELLS,9996.0,1
1360,-2,257000,,,AMETHYSTS,SEASHELLS,10002.0,1
1362,-2,257600,,,AMETHYSTS,SEASHELLS,9996.0,1
1364,-2,258000,,,AMETHYSTS,SEASHELLS,9998.0,1
1365,-2,258200,,,AMETHYSTS,SEASHELLS,9995.0,2
1367,-2,258400,,,AMETHYSTS,SEASHELLS,10005.0,5
1370,-2,259300,,,AMETHYSTS,SEASHELLS,9998.0,1
1373,-2,260000,,,AMETHYSTS,SEASHELLS,10002.0,1
1374,-2,260200,,,AMETHYSTS,SEASHELLS,9995.0,1
1376,-2,260300,,,AMETHYSTS,SEASHELLS,10002.0,1
1379,-2,260600,,,AMETHYSTS,SEASHELLS,10004.0,1
1381,-2,261200,,,AMETHYSTS,SEASHELLS,10002.0,1
1382,-2,261300,,,AMETHYSTS,SEASHELLS,10002.0,1
1384,-2,261500,,,AMETHYSTS,SEASHELLS,9998.0,1
1385,-2,261600,,,AMETHYSTS,SEASHELLS,10002.0,1
1389,-2,262200,,,AMETHYSTS,SEASHELLS,10005.0,2
1391,-2,262400,,,AMETHYSTS,SEASHELLS,10002.0,1
1392,-2,262500,,,AMETHYSTS,SEASHELLS,9998.0,2
1398,-2,263800,,,AMETHYSTS,SEASHELLS,10002.0,1
1399,-2,264700,,,AMETHYSTS,SEASHELLS,9998.0,1
1401,-2,265000,,,AMETHYSTS,SEASHELLS,9998.0,1
1404,-2,265700,,,AMETHYSTS,SEASHELLS,10004.0,2
1405,-2,265900,,,AMETHYSTS,SEASHELLS,10000.0,1
1408,-2,266000,,,AMETHYSTS,SEASHELLS,9998.0,3
1411,-2,266700,,,AMETHYSTS,SEASHELLS,10002.0,1
1413,-2,266800,,,AMETHYSTS,SEASHELLS,10004.0,1
1414,-2,267000,,,AMETHYSTS,SEASHELLS,10002.0,5
1418,-2,267600,,,AMETHYSTS,SEASHELLS,10002.0,1
1420,-2,268800,,,AMETHYSTS,SEASHELLS,10004.0,2
1422,-2,269000,,,AMETHYSTS,SEASHELLS,9996.0,1
1423,-2,269000,,,AMETHYSTS,SEASHELLS,9996.0,1
1427,-2,269200,,,AMETHYSTS,SEASHELLS,10002.0,8
1428,-2,269400,,,AMETHYSTS,SEASHELLS,9995.0,5
1429,-2,269700,,,AMETHYSTS,SEASHELLS,9998.0,1
1431,-2,269800,,,AMETHYSTS,SEASHELLS,10002.0,1
1432,-2,269800,,,AMETHYSTS,SEASHELLS,10002.0,2
1435,-2,270200,,,AMETHYSTS,SEASHELLS,9998.0,1
1437,-2,270400,,,AMETHYSTS,SEASHELLS,10005.0,5
1440,-2,270900,,,AMETHYSTS,SEASHELLS,10004.0,2
1442,-2,271600,,,AMETHYSTS,SEASHELLS,9998.0,1
1446,-2,271800,,,AMETHYSTS,SEASHELLS,10004.0,2
1449,-2,272300,,,AMETHYSTS,SEASHELLS,10002.0,2
1450,-2,272700,,,AMETHYSTS,SEASHELLS,9998.0,1
1451,-2,272800,,,AMETHYSTS,SEASHELLS,10004.0,1
1453,-2,272800,,,AMETHYSTS,SEASHELLS,10005.0,2
1454,-2,273400,,,AMETHYSTS,SEASHELLS,9996.0,2
1455,-2,273400,,,AMETHYSTS,SEASHELLS,9996.0,6
1459,-2,275600,,,AMETHYSTS,SEASHELLS,9998.0,1
1460,-2,276500,,,AMETHYSTS,SEASHELLS,9998.0,1
1463,-2,277000,,,AMETHYSTS,SEASHELLS,9996.0,2
1469,-2,278200,,,AMETHYSTS,SEASHELLS,9998.0,3
1470,-2,278500,,,AMETHYSTS,SEASHELLS,9996.0,1
1472,-2,279400,,,AMETHYSTS,SEASHELLS,9996.0,2
1473,-2,279400,,,AMETHYSTS,SEASHELLS,9995.0,2
1476,-2,279900,,,AMETHYSTS,SEASHELLS,9996.0,1
1479,-2,280400,,,AMETHYSTS,SEASHELLS,10004.0,2
1482,-2,280900,,,AMETHYSTS,SEASHELLS,10000.0,2
1483,-2,281100,,,AMETHYSTS,SEASHELLS,10002.0,5
1485,-2,282400,,,AMETHYSTS,SEASHELLS,10002.0,1
1486,-2,282500,,,AMETHYSTS,SEASHELLS,9995.0,2
1490,-2,283300,,,AMETHYSTS,SEASHELLS,10004.0,1
1491,-2,283300,,,AMETHYSTS,SEASHELLS,10004.0,1
1492,-2,283600,,,AMETHYSTS,SEASHELLS,10002.0,1
1493,-2,283700,,,AMETHYSTS,SEASHELLS,9998.0,1
1494,-2,284300,,,AMETHYSTS,SEASHELLS,9998.0,1
1496,-2,284500,,,AMETHYSTS,SEASHELLS,9996.0,2
1498,-2,285100,,,AMETHYSTS,SEASHELLS,9996.0,1
1501,-2,285700,,,AMETHYSTS,SEASHELLS,9996.0,2
1505,-2,286000,,,AMETHYSTS,SEASHELLS,9998.0,1
1510,-2,288100,,,AMETHYSTS,SEASHELLS,10002.0,4
1511,-2,288100,,,AMETHYSTS,SEASHELLS,10002.0,1
1516,-2,288900,,,AMETHYSTS,SEASHELLS,10004.0,1
1518,-2,289800,,,AMETHYSTS,SEASHELLS,10004.0,2
1521,-2,290300,,,AMETHYSTS,SEASHELLS,9998.0,1
1523,-2,291400,,,AMETHYSTS,SEASHELLS,9995.0,4
1525,-2,291500,,,AMETHYSTS,SEASHELLS,9998.0,1
1527,-2,291700,,,AMETHYSTS,SEASHELLS,9998.0,1
1528,-2,292200,,,AMETHYSTS,SEASHELLS,10002.0,1
1529,-2,292300,,,AMETHYSTS,SEASHELLS,9996.0,2
1532,-2,292400,,,AMETHYSTS,SEASHELLS,10002.0,1
1533,-2,292500,,,AMETHYSTS,SEASHELLS,10002.0,3
1534,-2,292500,,,AMETHYSTS,SEASHELLS,10002.0,2
1535,-2,292800,,,AMETHYSTS,SEASHELLS,10002.0,1
1542,-2,293700,,,AMETHYSTS,SEASHELLS,10002.0,1
1548,-2,294900,,,AMETHYSTS,SEASHELLS,9995.0,1
1551,-2,295700,,,AMETHYSTS,SEASHELLS,10004.0,1
1552,-2,295800,,,AMETHYSTS,SEASHELLS,10002.0,1
1554,-2,296200,,,AMETHYSTS,SEASHELLS,10002.0,1
1556,-2,296400,,,AMETHYSTS,SEASHELLS,9998.0,5
1559,-2,297300,,,AMETHYSTS,SEASHELLS,10004.0,2
1562,-2,297400,,,AMETHYSTS,SEASHELLS,9998.0,2
1564,-2,297700,,,AMETHYSTS,SEASHELLS,10002.0,1
1565,-2,297800,,,AMETHYSTS,SEASHELLS,10002.0,3
1567,-2,298100,,,AMETHYSTS,SEASHELLS,9998.0,2
1573,-2,299500,,,AMETHYSTS,SEASHELLS,9995.0,5
1579,-2,300800,,,AMETHYSTS,SEASHELLS,10005.0,1
1581,-2,301400,,,AMETHYSTS,SEASHELLS,10005.0,2
1582,-2,301500,,,AMETHYSTS,SEASHELLS,10002.0,1
1586,-2,302100,,,AMETHYSTS,SEASHELLS,10004.0,1
1590,-2,302400,,,AMETHYSTS,SEASHELLS,9998.0,1
1591,-2,302400,,,AMETHYSTS,SEASHELLS,9998.0,4
1592,-2,302500,,,AMETHYSTS,SEASHELLS,9998.0,1
1597,-2,303100,,,AMETHYSTS,SEASHELLS,10005.0,2
1599,-2,303600,,,AMETHYSTS,SEASHELLS,9998.0,5
1601,-2,303700,,,AMETHYSTS,SEASHELLS,10002.0,1
1608,-2,305100,,,AMETHYSTS,SEASHELLS,9998.0,1
1610,-2,305900,,,AMETHYSTS,SEASHELLS,10002.0,3
1612,-2,306300,,,AMETHYSTS,SEASHELLS,9998.0,1
1613,-2,306700,,,AMETHYSTS,SEASHELLS,9998.0,2
1614,-2,307400,,,AMETHYSTS,SEASHELLS,9998.0,1
1616,-2,307900,,,AMETHYSTS,SEASHELLS,10004.0,1
1618,-2,308000,,,AMETHYSTS,SEASHELLS,10002.0,1
1619,-2,308200,,,AMETHYSTS,SEASHELLS,9996.0,1
1622,-2,308300,,,AMETHYSTS,SEASHELLS,10002.0,1
1626,-2,309600,,,AMETHYSTS,SEASHELLS,9998.0,2
1628,-2,309800,,,AMETHYSTS,SEASHELLS,9998.0,1
1631,-2,310600,,,AMETHYSTS,SEASHELLS,10002.0,1
1633,-2,310900,,,AMETHYSTS,SEASHELLS,10004.0,2
1636,-2,311700,,,AMETHYSTS,SEASHELLS,9996.0,2
1637,-2,312300,,,AMETHYSTS,SEASHELLS,9996.0,2
1639,-2,312600,,,AMETHYSTS,SEASHELLS,10004.0,2
1640,-2,312600,,,AMETHYSTS,SEASHELLS,10004.0,8
1642,-2,313100,,,AMETHYSTS,SEASHELLS,9996.0,1
1643,-2,313100,,,AMETHYSTS,SEASHELLS,9996.0,2
1645,-2,313600,,,AMETHYSTS,SEASHELLS,10005.0,5
1646,-2,313700,,,AMETHYSTS,SEASHELLS,9998.0,2
1647,-2,313700,,,AMETHYSTS,SEASHELLS,9998.0,2
1648,-2,314000,,,AMETHYSTS,SEASHELLS,10002.0,1
1649,-2,314100,,,AMETHYSTS,SEASHELLS,10002.0,1
1653,-2,314700,,,AMETHYSTS,SEASHELLS,10002.0,1
1654,-2,315300,,,AMETHYSTS,SEASHELLS,10002.0,5
1657,-2,315500,,,AMETHYSTS,SEASHELLS,9998.0,2
1659,-2,315800,,,AMETHYSTS,SEASHELLS,10002.0,1
1660,-2,316200,,,AMETHYSTS,SEASHELLS,10004.0,2
1663,-2,316600,,,AMETHYSTS,SEASHELLS,10005.0,1
1667,-2,317700,,,AMETHYSTS,SEASHELLS,10002.0,1
1668,-2,317800,,,AMETHYSTS,SEASHELLS,9998.0,3
1670,-2,318000,,,AMETHYSTS,SEASHELLS,9998.0,1
1671,-2,318600,,,AMETHYSTS,SEASHELLS,10002.0,2
1674,-2,319000,,,AMETHYSTS,SEASHELLS,9998.0,1
1677,-2,319800,,,AMETHYSTS,SEASHELLS,10002.0,1
1678,-2,320100,,,AMETHYSTS,SEASHELLS,9998.0,1
1679,-2,320300,,,AMETHYSTS,SEASHELLS,10004.0,1
1682,-2,320900,,,AMETHYSTS,SEASHELLS,10005.0,3
1685,-2,321300,,,AMETHYSTS,SEASHELLS,10004.0,2
1688,-2,321900,,,AMETHYSTS,SEASHELLS,9996.0,1
1695,-2,324100,,,AMETHYSTS,SEASHELLS,9998.0,2
1698,-2,324200,,,AMETHYSTS,SEASHELLS,9998.0,1
1700,-2,324600,,,AMETHYSTS,SEASHELLS,9995.0,6
1701,-2,325000,,,AMETHYSTS,SEASHELLS,10005.0,5
1703,-2,325100,,,AMETHYSTS,SEASHELLS,9996.0,1
1705,-2,326000,,,AMETHYSTS,SEASHELLS,9996.0,2
1711,-2,326900,,,AMETHYSTS,SEASHELLS,10002.0,1
1714,-2,327100,,,AMETHYSTS,SEASHELLS,10002.0,2
1717,-2,327800,,,AMETHYSTS,SEASHELLS,9996.0,1
1724,-2,329100,,,AMETHYSTS,SEASHELLS,10005.0,10
1725,-2,329300,,,AMETHYSTS,SEASHELLS,9998.0,1
1726,-2,329700,,,AMETHYSTS,SEASHELLS,9998.0,1
1727,-2,329800,,,AMETHYSTS,SEASHELLS,10004.0,1
1728,-2,329800,,,AMETHYSTS,SEASHELLS,10004.0,3
1730,-2,330600,,,AMETHYSTS,SEASHELLS,9998.0,3
1731,-2,330600,,,AMETHYSTS,SEASHELLS,9998.0,2
1732,-2,331100,,,AMETHYSTS,SEASHELLS,10002.0,1
1733,-2,331200,,,AMETHYSTS,SEASHELLS,10002.0,1
1735,-2,331400,,,AMETHYSTS,SEASHELLS,9998.0,1
1737,-2,331700,,,AMETHYSTS,SEASHELLS,9998.0,1
1738,-2,331800,,,AMETHYSTS,SEASHELLS,9998.0,1
1739,-2,331800,,,AMETHYSTS,SEASHELLS,10000.0,1
1743,-2,332500,,,AMETHYSTS,SEASHELLS,10002.0,1
1744,-2,333100,,,AMETHYSTS,SEASHELLS,10004.0,2
1747,-2,333500,,,AMETHYSTS,SEASHELLS,9995.0,9
1749,-2,333900,,,AMETHYSTS,SEASHELLS,10002.0,2
1754,-2,335300,,,AMETHYSTS,SEASHELLS,9998.0,1
1755,-2,335400,,,AMETHYSTS,SEASHELLS,10002.0,1
1758,-2,335800,,,AMETHYSTS,SEASHELLS,9998.0,1
1759,-2,336000,,,AMETHYSTS,SEASHELLS,9995.0,8
1761,-2,336200,,,AMETHYSTS,SEASHELLS,9998.0,1
1763,-2,336500,,,AMETHYSTS,SEASHELLS,9998.0,3
1765,-2,336600,,,AMETHYSTS,SEASHELLS,9996.0,2
1767,-2,336800,,,AMETHYSTS,SEASHELLS,9996.0,1
1768,-2,336800,,,AMETHYSTS,SEASHELLS,9996.0,2
1769,-2,336800,,,AMETHYSTS,SEASHELLS,9998.0,1
1771,-2,337100,,,AMETHYSTS,SEASHELLS,9998.0,1
1772,-2,337200,,,AMETHYSTS,SEASHELLS,9998.0,2
1774,-2,337200,,,AMETHYSTS,SEASHELLS,9998.0,2
1775,-2,337500,,,AMETHYSTS,SEASHELLS,10002.0,5
1776,-2,337600,,,AMETHYSTS,SEASHELLS,9996.0,1
1781,-2,338300,,,AMETHYSTS,SEASHELLS,10004.0,1
1785,-2,339000,,,AMETHYSTS,SEASHELLS,9998.0,1
1787,-2,339900,,,AMETHYSTS,SEASHELLS,9998.0,1
1790,-2,340700,,,AMETHYSTS,SEASHELLS,9996.0,2
1791,-2,340700,,,AMETHYSTS,SEASHELLS,9996.0,2
1792,-2,340700,,,AMETHYSTS,SEASHELLS,9996.0,8
1794,-2,341000,,,AMETHYSTS,SEASHELLS,10004.0,2
1796,-2,341200,,,AMETHYSTS,SEASHELLS,9996.0,1
1797,-2,341200,,,AMETHYSTS,SEASHELLS,9996.0,1
1799,-2,341300,,,AMETHYSTS,SEASHELLS,10002.0,1
1800,-2,341400,,,AMETHYSTS,SEASHELLS,9998.0,1
1803,-2,341900,,,AMETHYSTS,SEASHELLS,9998.0,1
1808,-2,342900,,,AMETHYSTS,SEASHELLS,10005.0,2
1809,-2,343700,,,AMETHYSTS,SEASHELLS,10002.0,1
1811,-2,344100,,,AMETHYSTS,SEASHELLS,10002.0,1
1812,-2,344200,,,AMETHYSTS,SEASHELLS,9996.0,2
1813,-2,344300,,,AMETHYSTS,SEASHELLS,10002.0,1
1816,-2,345400,,,AMETHYSTS,SEASHELLS,9998.0,1
1817,-2,345500,,,AMETHYSTS,SEASHELLS,9998.0,1
1819,-2,345800,,,AMETHYSTS,SEASHELLS,9996.0,5
1820,-2,345800,,,AMETHYSTS,SEASHELLS,9996.0,1
1822,-2,346200,,,AMETHYSTS,SEASHELLS,9996.0,6
1823,-2,346200,,,AMETHYSTS,SEASHELLS,9996.0,1
1824,-2,346400,,,AMETHYSTS,SEASHELLS,10002.0,1
1825,-2,346600,,,AMETHYSTS,SEASHELLS,10004.0,1
1826,-2,347100,,,AMETHYSTS,SEASHELLS,9998.0,1
1827,-2,347500,,,AMETHYSTS,SEASHELLS,10002.0,2
1836,-2,349400,,,AMETHYSTS,SEASHELLS,10004.0,6
1837,-2,349400,,,AMETHYSTS,SEASHELLS,10004.0,1
1839,-2,349600,,,AMETHYSTS,SEASHELLS,9996.0,1
1842,-2,350400,,,AMETHYSTS,SEASHELLS,10002.0,3
1843,-2,350400,,,AMETHYSTS,SEASHELLS,10002.0,3
1845,-2,350700,,,AMETHYSTS,SEASHELLS,9998.0,5
1846,-2,350800,,,AMETHYSTS,SEASHELLS,9996.0,2
1849,-2,350900,,,AMETHYSTS,SEASHELLS,10002.0,1
1851,-2,351000,,,AMETHYSTS,SEASHELLS,9998.0,1
1852,-2,351400,,,AMETHYSTS,SEASHELLS,10005.0,2
1855,-2,351800,,,AMETHYSTS,SEASHELLS,10004.0,4
1856,-2,351800,,,AMETHYSTS,SEASHELLS,10002.0,2
1857,-2,351800,,,AMETHYSTS,SEASHELLS,10004.0,2
1858,-2,352200,,,AMETHYSTS,SEASHELLS,10002.0,1
1862,-2,353100,,,AMETHYSTS,SEASHELLS,9996.0,1
1864,-2,353200,,,AMETHYSTS,SEASHELLS,10002.0,0
1865,-2,353200,,,AMETHYSTS,SEASHELLS,10002.0,1
1866,-2,353200,,,AMETHYSTS,SEASHELLS,10002.0,1
1867,-2,353200,,,AMETHYSTS,SEASHELLS,10002.0,6
1871,-2,353600,,,AMETHYSTS,SEASHELLS,9995.0,2
1872,-2,354200,,,AMETHYSTS,SEASHELLS,10000.0,1
1875,-2,354300,,,AMETHYSTS,SEASHELLS,10002.0,3
1879,-2,355100,,,AMETHYSTS,SEASHELLS,9996.0,1
1882,-2,355500,,,AMETHYSTS,SEASHELLS,9998.0,1
1884,-2,356600,,,AMETHYSTS,SEASHELLS,10004.0,11
1885,-2,356600,,,AMETHYSTS,SEASHELLS,10004.0,1
1887,-2,356600,,,AMETHYSTS,SEASHELLS,10002.0,1
1891,-2,357500,,,AMETHYSTS,SEASHELLS,9995.0,5
1894,-2,358000,,,AMETHYSTS,SEASHELLS,9996.0,2
1895,-2,358400,,,AMETHYSTS,SEASHELLS,10002.0,7
1898,-2,358600,,,AMETHYSTS,SEASHELLS,10002.0,1
1899,-2,359300,,,AMETHYSTS,SEASHELLS,9995.0,6
1900,-2,359600,,,AMETHYSTS,SEASHELLS,10002.0,1
1902,-2,359900,,,AMETHYSTS,SEASHELLS,9996.0,1
1903,-2,360000,,,AMETHYSTS,SEASHELLS,9998.0,1
1906,-2,360400,,,AMETHYSTS,SEASHELLS,10002.0,1
1907,-2,360900,,,AMETHYSTS,SEASHELLS,9998.0,4
1909,-2,361300,,,AMETHYSTS,SEASHELLS,9996.0,1
1910,-2,361300,,,AMETHYSTS,SEASHELLS,9996.0,1
1914,-2,362500,,,AMETHYSTS,SEASHELLS,10002.0,1
1915,-2,362700,,,AMETHYSTS,SEASHELLS,10002.0,1
1916,-2,362800,,,AMETHYSTS,SEASHELLS,10002.0,5
1917,-2,363200,,,AMETHYSTS,SEASHELLS,10004.0,1
1918,-2,363200,,,AMETHYSTS,SEASHELLS,10004.0,1
1921,-2,364000,,,AMETHYSTS,SEASHELLS,10002.0,1
1926,-2,365300,,,AMETHYSTS,SEASHELLS,9998.0,5
1927,-2,365300,,,AMETHYSTS,SEASHELLS,9998.0,1
1928,-2,365900,,,AMETHYSTS,SEASHELLS,9998.0,5
1930,-2,366100,,,AMETHYSTS,SEASHELLS,9998.0,1
1932,-2,366500,,,AMETHYSTS,SEASHELLS,10002.0,1
1938,-2,367200,,,AMETHYSTS,SEASHELLS,10002.0,1
1940,-2,368000,,,AMETHYSTS,SEASHELLS,10005.0,2
1941,-2,368100,,,AMETHYSTS,SEASHELLS,10002.0,1
1943,-2,368100,,,AMETHYSTS,SEASHELLS,10004.0,1
1947,-2,368700,,,AMETHYSTS,SEASHELLS,9998.0,2
1948,-2,368800,,,AMETHYSTS,SEASHELLS,10004.0,1
1951,-2,369100,,,AMETHYSTS,SEASHELLS,10004.0,1
1955,-2,369700,,,AMETHYSTS,SEASHELLS,10002.0,4
1957,-2,370700,,,AMETHYSTS,SEASHELLS,10002.0,1
1958,-2,370800,,,AMETHYSTS,SEASHELLS,9998.0,1
1959,-2,370900,,,AMETHYSTS,SEASHELLS,9996.0,1
1961,-2,370900,,,AMETHYSTS,SEASHELLS,9996.0,1
1963,-2,371200,,,AMETHYSTS,SEASHELLS,9998.0,1
1965,-2,371400,,,AMETHYSTS,SEASHELLS,9998.0,5
1967,-2,371900,,,AMETHYSTS,SEASHELLS,9998.0,1
1968,-2,372200,,,AMETHYSTS,SEASHELLS,10002.0,5
1972,-2,372700,,,AMETHYSTS,SEASHELLS,10004.0,2
1974,-2,373500,,,AMETHYSTS,SEASHELLS,9995.0,1
1978,-2,374000,,,AMETHYSTS,SEASHELLS,10002.0,4
1979,-2,374300,,,AMETHYSTS,SEASHELLS,9998.0,1
1981,-2,374600,,,AMETHYSTS,SEASHELLS,9998.0,1
1984,-2,375300,,,AMETHYSTS,SEASHELLS,9996.0,1
1985,-2,375400,,,AMETHYSTS,SEASHELLS,10004.0,1
1988,-2,375900,,,AMETHYSTS,SEASHELLS,10002.0,2
1989,-2,376100,,,AMETHYSTS,SEASHELLS,10002.0,5
1991,-2,376300,,,AMETHYSTS,SEASHELLS,10004.0,2
1995,-2,377400,,,AMETHYSTS,SEASHELLS,9996.0,2
1999,-2,378300,,,AMETHYSTS,SEASHELLS,9998.0,1
2000,-2,378700,,,AMETHYSTS,SEASHELLS,10002.0,4
2005,-2,379700,,,AMETHYSTS,SEASHELLS,9996.0,1
2006,-2,379800,,,AMETHYSTS,SEASHELLS,10002.0,1
2010,-2,381000,,,AMETHYSTS,SEASHELLS,10004.0,2
2012,-2,381200,,,AMETHYSTS,SEASHELLS,10004.0,1
2013,-2,381200,,,AMETHYSTS,SEASHELLS,10002.0,1
2015,-2,381200,,,AMETHYSTS,SEASHELLS,10004.0,1
2017,-2,381700,,,AMETHYSTS,SEASHELLS,10002.0,1
2025,-2,383300,,,AMETHYSTS,SEASHELLS,10002.0,1
2026,-2,383600,,,AMETHYSTS,SEASHELLS,9996.0,1
2029,-2,384000,,,AMETHYSTS,SEASHELLS,9996.0,2
2030,-2,384100,,,AMETHYSTS,SEASHELLS,9998.0,3
2031,-2,384200,,,AMETHYSTS,SEASHELLS,9996.0,1
2034,-2,384500,,,AMETHYSTS,SEASHELLS,10002.0,1
2035,-2,384600,,,AMETHYSTS,SEASHELLS,9998.0,1
2039,-2,386000,,,AMETHYSTS,SEASHELLS,9998.0,1
2041,-2,386500,,,AMETHYSTS,SEASHELLS,10002.0,3
2042,-2,386500,,,AMETHYSTS,SEASHELLS,10002.0,1
2044,-2,386600,,,AMETHYSTS,SEASHELLS,9996.0,1
2048,-2,387600,,,AMETHYSTS,SEASHELLS,9998.0,1
2049,-2,387700,,,AMETHYSTS,SEASHELLS,9995.0,2
2052,-2,387900,,,AMETHYSTS,SEASHELLS,10005.0,1
2055,-2,389000,,,AMETHYSTS,SEASHELLS,9996.0,2
2058,-2,389700,,,AMETHYSTS,SEASHELLS,9998.0,1
2060,-2,389800,,,AMETHYSTS,SEASHELLS,9996.0,1
2065,-2,390400,,,AMETHYSTS,SEASHELLS,10002.0,1
2069,-2,390700,,,AMETHYSTS,SEASHELLS,10002.0,1
2072,-2,391100,,,AMETHYSTS,SEASHELLS,9996.0,2
2077,-2,392300,,,AMETHYSTS,SEASHELLS,10005.0,2
2080,-2,393000,,,AMETHYSTS,SEASHELLS,9998.0,1
2081,-2,393100,,,AMETHYSTS,SEASHELLS,9998.0,1
2083,-2,393300,,,AMETHYSTS,SEASHELLS,10000.0,1
2084,-2,393300,,,AMETHYSTS,SEASHELLS,9998.0,1
2085,-2,393600,,,AMETHYSTS,SEASHELLS,9998.0,1
2089,-2,394500,,,AMETHYSTS,SEASHELLS,9996.0,1
2091,-2,394700,,,AMETHYSTS,SEASHELLS,10004.0,1
2093,-2,394900,,,AMETHYSTS,SEASHELLS,9998.0,1
2098,-2,396700,,,AMETHYSTS,SEASHELLS,9996.0,2
2099,-2,396800,,,AMETHYSTS,SEASHELLS,10002.0,2
2102,-2,397700,,,AMETHYSTS,SEASHELLS,10002.0,1
2109,-2,399200,,,AMETHYSTS,SEASHELLS,10002.0,3
2111,-2,400400,,,AMETHYSTS,SEASHELLS,9996.0,1
2113,-2,400500,,,AMETHYSTS,SEASHELLS,9998.0,1
2114,-2,400600,,,AMETHYSTS,SEASHELLS,10004.0,1
2116,-2,400600,,,AMETHYSTS,SEASHELLS,10004.0,1
2118,-2,400800,,,AMETHYSTS,SEASHELLS,10002.0,5
2119,-2,401500,,,AMETHYSTS,SEASHELLS,9998.0,8
2120,-2,401500,,,AMETHYSTS,SEASHELLS,9998.0,3
2121,-2,401600,,,AMETHYSTS,SEASHELLS,9998.0,1
2122,-2,402400,,,AMETHYSTS,SEASHELLS,9996.0,2
2125,-2,402800,,,AMETHYSTS,SEASHELLS,9998.0,1
2127,-2,403200,,,AMETHYSTS,SEASHELLS,10002.0,1
2130,-2,403800,,,AMETHYSTS,SEASHELLS,9998.0,1
2134,-2,404200,,,AMETHYSTS,SEASHELLS,10002.0,3
2135,-2,404900,,,AMETHYSTS,SEASHELLS,9998.0,2
2138,-2,405200,,,AMETHYSTS,SEASHELLS,9998.0,3
2139,-2,405900,,,AMETHYSTS,SEASHELLS,9998.0,1
2140,-2,406200,,,AMETHYSTS,SEASHELLS,10002.0,3
2143,-2,407500,,,AMETHYSTS,SEASHELLS,9995.0,1
2145,-2,407500,,,AMETHYSTS,SEASHELLS,9998.0,5
2146,-2,407500,,,AMETHYSTS,SEASHELLS,9998.0,1
2147,-2,407900,,,AMETHYSTS,SEASHELLS,9998.0,1
2150,-2,408600,,,AMETHYSTS,SEASHELLS,10002.0,1
2152,-2,409100,,,AMETHYSTS,SEASHELLS,9998.0,1
2155,-2,409200,,,AMETHYSTS,SEASHELLS,9998.0,1
2156,-2,410200,,,AMETHYSTS,SEASHELLS,9998.0,1
2157,-2,410600,,,AMETHYSTS,SEASHELLS,10004.0,2
2158,-2,410600,,,AMETHYSTS,SEASHELLS,10004.0,9
2159,-2,410700,,,AMETHYSTS,SEASHELLS,9998.0,1
2163,-2,411900,,,AMETHYSTS,SEASHELLS,9998.0,1
2164,-2,412000,,,AMETHYSTS,SEASHELLS,10002.0,3
2165,-2,412000,,,AMETHYSTS,SEASHELLS,10002.0,1
2166,-2,412100,,,AMETHYSTS,SEASHELLS,9998.0,1
2168,-2,412600,,,AMETHYSTS,SEASHELLS,9996.0,2
2170,-2,412900,,,AMETHYSTS,SEASHELLS,10004.0,1
2171,-2,413000,,,AMETHYSTS,SEASHELLS,10002.0,5
2172,-2,413100,,,AMETHYSTS,SEASHELLS,9995.0,2
2173,-2,413100,,,AMETHYSTS,SEASHELLS,10002.0,1
2175,-2,413300,,,AMETHYSTS,SEASHELLS,10002.0,1
2176,-2,413600,,,AMETHYSTS,SEASHELLS,10002.0,2
2178,-2,414000,,,AMETHYSTS,SEASHELLS,10004.0,2
2180,-2,414000,,,AMETHYSTS,SEASHELLS,9998.0,1
2181,-2,414000,,,AMETHYSTS,SEASHELLS,10005.0,1
2182,-2,414000,,,AMETHYSTS,SEASHELLS,10004.0,5
2185,-2,415100,,,AMETHYSTS,SEASHELLS,10002.0,8
2186,-2,415100,,,AMETHYSTS,SEASHELLS,10002.0,3
2187,-2,415800,,,AMETHYSTS,SEASHELLS,9995.0,6
2188,-2,416100,,,AMETHYSTS,SEASHELLS,9998.0,3
2189,-2,416100,,,AMETHYSTS,SEASHELLS,9998.0,2
2192,-2,416800,,,AMETHYSTS,SEASHELLS,10004.0,1
2198,-2,417800,,,AMETHYSTS,SEASHELLS,9996.0,1
2199,-2,417800,,,AMETHYSTS,SEASHELLS,9998.0,1
2200,-2,417900,,,AMETHYSTS,SEASHELLS,9998.0,1
2204,-2,418300,,,AMETHYSTS,SEASHELLS,10002.0,1
2205,-2,418500,,,AMETHYSTS,SEASHELLS,9998.0,1
2213,-2,420100,,,AMETHYSTS,SEASHELLS,10002.0,1
2214,-2,420200,,,AMETHYSTS,SEASHELLS,10005.0,11
2215,-2,420300,,,AMETHYSTS,SEASHELLS,10002.0,4
2217,-2,420600,,,AMETHYSTS,SEASHELLS,9996.0,1
2219,-2,421200,,,AMETHYSTS,SEASHELLS,10002.0,1
2221,-2,421500,,,AMETHYSTS,SEASHELLS,9998.0,1
2224,-2,421900,,,AMETHYSTS,SEASHELLS,10002.0,1
2228,-2,424000,,,AMETHYSTS,SEASHELLS,9998.0,5
2230,-2,424400,,,AMETHYSTS,SEASHELLS,9998.0,1
2231,-2,424400,,,AMETHYSTS,SEASHELLS,9998.0,9
2233,-2,424600,,,AMETHYSTS,SEASHELLS,10002.0,1
2234,-2,424600,,,AMETHYSTS,SEASHELLS,10004.0,1
2236,-2,424700,,,AMETHYSTS,SEASHELLS,10002.0,1
2239,-2,425000,,,AMETHYSTS,SEASHELLS,9996.0,1
2241,-2,425600,,,AMETHYSTS,SEASHELLS,9995.0,2
2242,-2,425600,,,AMETHYSTS,SEASHELLS,10002.0,1
2247,-2,426300,,,AMETHYSTS,SEASHELLS,9998.0,1
2248,-2,426400,,,AMETHYSTS,SEASHELLS,10002.0,5
2249,-2,426800,,,AMETHYSTS,SEASHELLS,9998.0,1
2250,-2,427200,,,AMETHYSTS,SEASHELLS,10002.0,1
2251,-2,427700,,,AMETHYSTS,SEASHELLS,9998.0,1
2255,-2,427800,,,AMETHYSTS,SEASHELLS,9996.0,2
2256,-2,428100,,,AMETHYSTS,SEASHELLS,10004.0,1
2261,-2,428700,,,AMETHYSTS,SEASHELLS,9995.0,11
2264,-2,429100,,,AMETHYSTS,SEASHELLS,10002.0,1
2267,-2,429800,,,AMETHYSTS,SEASHELLS,9998.0,1
2270,-2,430100,,,AMETHYSTS,SEASHELLS,10005.0,3
2271,-2,430500,,,AMETHYSTS,SEASHELLS,10002.0,1
2272,-2,431100,,,AMETHYSTS,SEASHELLS,10002.0,1
2273,-2,431100,,,AMETHYSTS,SEASHELLS,9998.0,5
2279,-2,432300,,,AMETHYSTS,SEASHELLS,10002.0,1
2280,-2,432700,,,AMETHYSTS,SEASHELLS,9998.0,1
2281,-2,432800,,,AMETHYSTS,SEASHELLS,9998.0,1
2282,-2,432800,,,AMETHYSTS,SEASHELLS,9998.0,1
2284,-2,433100,,,AMETHYSTS,SEASHELLS,10002.0,1
2286,-2,433300,,,AMETHYSTS,SEASHELLS,9998.0,1
2289,-2,433500,,,AMETHYSTS,SEASHELLS,10002.0,1
2291,-2,434000,,,AMETHYSTS,SEASHELLS,9998.0,8
2294,-2,434800,,,AMETHYSTS,SEASHELLS,10002.0,1
2296,-2,435400,,,AMETHYSTS,SEASHELLS,9995.0,6
2304,-2,437200,,,AMETHYSTS,SEASHELLS,10004.0,1
2306,-2,437400,,,AMETHYSTS,SEASHELLS,9998.0,2
2309,-2,438400,,,AMETHYSTS,SEASHELLS,10004.0,1
2311,-2,438800,,,AMETHYSTS,SEASHELLS,10002.0,1
2313,-2,439300,,,AMETHYSTS,SEASHELLS,9996.0,1
2316,-2,439700,,,AMETHYSTS,SEASHELLS,10002.0,1
2317,-2,439800,,,AMETHYSTS,SEASHELLS,9996.0,7
2318,-2,439800,,,AMETHYSTS,SEASHELLS,9996.0,1
2319,-2,439900,,,AMETHYSTS,SEASHELLS,10002.0,2
2321,-2,440300,,,AMETHYSTS,SEASHELLS,10004.0,1
2322,-2,440300,,,AMETHYSTS,SEASHELLS,10004.0,4
2325,-2,440700,,,AMETHYSTS,SEASHELLS,9996.0,2
2329,-2,441200,,,AMETHYSTS,SEASHELLS,10002.0,1
2330,-2,441200,,,AMETHYSTS,SEASHELLS,10002.0,1
2332,-2,442100,,,AMETHYSTS,SEASHELLS,10004.0,2
2333,-2,442100,,,AMETHYSTS,SEASHELLS,10004.0,1
2334,-2,442100,,,AMETHYSTS,SEASHELLS,10004.0,3
2336,-2,442300,,,AMETHYSTS,SEASHELLS,10002.0,1
2339,-2,442500,,,AMETHYSTS,SEASHELLS,9998.0,1
2341,-2,442900,,,AMETHYSTS,SEASHELLS,9998.0,1
2342,-2,443000,,,AMETHYSTS,SEASHELLS,10004.0,2
2343,-2,443100,,,AMETHYSTS,SEASHELLS,10002.0,1
2344,-2,443300,,,AMETHYSTS,SEASHELLS,10002.0,3
2346,-2,443500,,,AMETHYSTS,SEASHELLS,10002.0,1
2347,-2,444100,,,AMETHYSTS,SEASHELLS,9998.0,1
2348,-2,444100,,,AMETHYSTS,SEASHELLS,9996.0,1
2350,-2,444100,,,AMETHYSTS,SEASHELLS,9996.0,1
2351,-2,444200,,,AMETHYSTS,SEASHELLS,9998.0,1
2353,-2,444400,,,AMETHYSTS,SEASHELLS,10002.0,1
2354,-2,444500,,,AMETHYSTS,SEASHELLS,9998.0,1
2357,-2,444700,,,AMETHYSTS,SEASHELLS,9998.0,1
2359,-2,444900,,,AMETHYSTS,SEASHELLS,9998.0,1
2361,-2,445300,,,AMETHYSTS,SEASHELLS,9998.0,1
2363,-2,445600,,,AMETHYSTS,SEASHELLS,9998.0,1
2365,-2,446600,,,AMETHYSTS,SEASHELLS,9998.0,1
2366,-2,447000,,,AMETHYSTS,SEASHELLS,10002.0,1
2368,-2,447400,,,AMETHYSTS,SEASHELLS,10002.0,4
2371,-2,448500,,,AMETHYSTS,SEASHELLS,10005.0,2
2373,-2,448700,,,AMETHYSTS,SEASHELLS,10002.0,1
2374,-2,448800,,,AMETHYSTS,SEASHELLS,10002.0,1
2375,-2,448800,,,AMETHYSTS,SEASHELLS,10002.0,5
2377,-2,449400,,,AMETHYSTS,SEASHELLS,10002.0,3
2378,-2,449400,,,AMETHYSTS,SEASHELLS,10002.0,1
2381,-2,450100,,,AMETHYSTS,SEASHELLS,9995.0,2
2383,-2,450400,,,AMETHYSTS,SEASHELLS,10002.0,1
2386,-2,450800,,,AMETHYSTS,SEASHELLS,9996.0,2
2391,-2,451300,,,AMETHYSTS,SEASHELLS,9998.0,1
2393,-2,451600,,,AMETHYSTS,SEASHELLS,10002.0,1
2394,-2,451800,,,AMETHYSTS,SEASHELLS,9996.0,7
2395,-2,451800,,,AMETHYSTS,SEASHELLS,9996.0,1
2396,-2,451900,,,AMETHYSTS,SEASHELLS,10004.0,2
2397,-2,451900,,,AMETHYSTS,SEASHELLS,10004.0,9
2398,-2,452200,,,AMETHYSTS,SEASHELLS,9998.0,1
2399,-2,452200,,,AMETHYSTS,SEASHELLS,9998.0,2
2400,-2,452500,,,AMETHYSTS,SEASHELLS,9998.0,1
2402,-2,453200,,,AMETHYSTS,SEASHELLS,9998.0,1
2407,-2,453900,,,AMETHYSTS,SEASHELLS,10002.0,1
2408,-2,454300,,,AMETHYSTS,SEASHELLS,9998.0,1
2410,-2,454500,,,AMETHYSTS,SEASHELLS,9996.0,1
2413,-2,454800,,,AMETHYSTS,SEASHELLS,10004.0,2
2416,-2,455600,,,AMETHYSTS,SEASHELLS,9996.0,1
2417,-2,456000,,,AMETHYSTS,SEASHELLS,10004.0,1
2419,-2,456400,,,AMETHYSTS,SEASHELLS,9998.0,1
2421,-2,456700,,,AMETHYSTS,SEASHELLS,10002.0,1
2423,-2,456900,,,AMETHYSTS,SEASHELLS,10002.0,4
2424,-2,456900,,,AMETHYSTS,SEASHELLS,10002.0,1
2427,-2,458400,,,AMETHYSTS,SEASHELLS,10004.0,6
2428,-2,458400,,,AMETHYSTS,SEASHELLS,10004.0,1
2429,-2,458500,,,AMETHYSTS,SEASHELLS,10002.0,1
2433,-2,458800,,,AMETHYSTS,SEASHELLS,10002.0,1
2434,-2,459000,,,AMETHYSTS,SEASHELLS,9998.0,1
2440,-2,459700,,,AMETHYSTS,SEASHELLS,10002.0,1
2443,-2,460100,,,AMETHYSTS,SEASHELLS,10002.0,3
2451,-2,461400,,,AMETHYSTS,SEASHELLS,10002.0,5
2452,-2,461700,,,AMETHYSTS,SEASHELLS,9998.0,2
2453,-2,462100,,,AMETHYSTS,SEASHELLS,9998.0,3
2455,-2,462100,,,AMETHYSTS,SEASHELLS,9998.0,1
2456,-2,462200,,,AMETHYSTS,SEASHELLS,10002.0,1
2458,-2,462300,,,AMETHYSTS,SEASHELLS,10002.0,1
2460,-2,463200,,,AMETHYSTS,SEASHELLS,10002.0,1
2464,-2,463900,,,AMETHYSTS,SEASHELLS,10005.0,7
2465,-2,463900,,,AMETHYSTS,SEASHELLS,10002.0,1
2467,-2,464100,,,AMETHYSTS,SEASHELLS,9996.0,1
2468,-2,464500,,,AMETHYSTS,SEASHELLS,10000.0,1
2470,-2,464700,,,AMETHYSTS,SEASHELLS,10002.0,2
2472,-2,464900,,,AMETHYSTS,SEASHELLS,9998.0,1
2474,-2,465000,,,AMETHYSTS,SEASHELLS,10002.0,3
2476,-2,465200,,,AMETHYSTS,SEASHELLS,10004.0,2
2477,-2,465300,,,AMETHYSTS,SEASHELLS,10002.0,1
2479,-2,465500,,,AMETHYSTS,SEASHELLS,10004.0,5
2480,-2,465500,,,AMETHYSTS,SEASHELLS,10004.0,1
2482,-2,466100,,,AMETHYSTS,SEASHELLS,10002.0,1
2484,-2,466200,,,AMETHYSTS,SEASHELLS,9996.0,2
2488,-2,467600,,,AMETHYSTS,SEASHELLS,9995.0,10
2490,-2,468000,,,AMETHYSTS,SEASHELLS,9998.0,1
2493,-2,469100,,,AMETHYSTS,SEASHELLS,10004.0,2
2496,-2,469400,,,AMETHYSTS,SEASHELLS,9998.0,1
2498,-2,469600,,,AMETHYSTS,SEASHELLS,10004.0,2
2506,-2,470800,,,AMETHYSTS,SEASHELLS,10004.0,1
2508,-2,471100,,,AMETHYSTS,SEASHELLS,10002.0,1
2512,-2,471600,,,AMETHYSTS,SEASHELLS,10004.0,1
2514,-2,471900,,,AMETHYSTS,SEASHELLS,9998.0,4
2515,-2,472000,,,AMETHYSTS,SEASHELLS,9998.0,1
2518,-2,472100,,,AMETHYSTS,SEASHELLS,10005.0,2
2519,-2,472200,,,AMETHYSTS,SEASHELLS,9998.0,2
2525,-2,473600,,,AMETHYSTS,SEASHELLS,10002.0,1
2528,-2,474100,,,AMETHYSTS,SEASHELLS,10005.0,11
2529,-2,474300,,,AMETHYSTS,SEASHELLS,9998.0,1
2539,-2,476400,,,AMETHYSTS,SEASHELLS,10005.0,2
2542,-2,477000,,,AMETHYSTS,SEASHELLS,10002.0,5
2544,-2,477500,,,AMETHYSTS,SEASHELLS,9996.0,1
2545,-2,477500,,,AMETHYSTS,SEASHELLS,9998.0,5
2546,-2,477500,,,AMETHYSTS,SEASHELLS,9996.0,1
2547,-2,477600,,,AMETHYSTS,SEASHELLS,10002.0,1
2549,-2,477900,,,AMETHYSTS,SEASHELLS,10000.0,2
2555,-2,478500,,,AMETHYSTS,SEASHELLS,10002.0,2
2556,-2,478600,,,AMETHYSTS,SEASHELLS,9998.0,2
2558,-2,478900,,,AMETHYSTS,SEASHELLS,9996.0,1
2559,-2,479000,,,AMETHYSTS,SEASHELLS,10002.0,1
2560,-2,479400,,,AMETHYSTS,SEASHELLS,9998.0,1
2563,-2,479600,,,AMETHYSTS,SEASHELLS,9996.0,6
2564,-2,479600,,,AMETHYSTS,SEASHELLS,9996.0,2
2566,-2,479800,,,AMETHYSTS,SEASHELLS,10002.0,5
2571,-2,481700,,,AMETHYSTS,SEASHELLS,9998.0,1
2574,-2,482500,,,AMETHYSTS,SEASHELLS,9998.0,1
2575,-2,482600,,,AMETHYSTS,SEASHELLS,9998.0,5
2576,-2,482600,,,AMETHYSTS,SEASHELLS,9998.0,2
2577,-2,482700,,,AMETHYSTS,SEASHELLS,10002.0,5
2579,-2,483300,,,AMETHYSTS,SEASHELLS,10004.0,1
2586,-2,484800,,,AMETHYSTS,SEASHELLS,9996.0,2
2587,-2,484900,,,AMETHYSTS,SEASHELLS,9996.0,1
2590,-2,485500,,,AMETHYSTS,SEASHELLS,9998.0,1
2591,-2,485500,,,AMETHYSTS,SEASHELLS,9996.0,2
2593,-2,485900,,,AMETHYSTS,SEASHELLS,9996.0,1
2599,-2,487200,,,AMETHYSTS,SEASHELLS,10004.0,1
2600,-2,487200,,,AMETHYSTS,SEASHELLS,10004.0,2
2602,-2,487500,,,AMETHYSTS,SEASHELLS,9996.0,2
2603,-2,487700,,,AMETHYSTS,SEASHELLS,9996.0,1
2605,-2,487700,,,AMETHYSTS,SEASHELLS,9996.0,2
2606,-2,488200,,,AMETHYSTS,SEASHELLS,10005.0,2
2608,-2,488200,,,AMETHYSTS,SEASHELLS,10002.0,1
2613,-2,490000,,,AMETHYSTS,SEASHELLS,10002.0,1
2615,-2,490400,,,AMETHYSTS,SEASHELLS,9995.0,1
2616,-2,490800,,,AMETHYSTS,SEASHELLS,10002.0,1
2617,-2,490800,,,AMETHYSTS,SEASHELLS,10002.0,3
2619,-2,491000,,,AMETHYSTS,SEASHELLS,9998.0,1
2620,-2,491300,,,AMETHYSTS,SEASHELLS,10002.0,1
2629,-2,492800,,,AMETHYSTS,SEASHELLS,10002.0,2
2631,-2,492900,,,AMETHYSTS,SEASHELLS,10004.0,1
2635,-2,493200,,,AMETHYSTS,SEASHELLS,9996.0,1
2636,-2,493800,,,AMETHYSTS,SEASHELLS,10002.0,4
2637,-2,494100,,,AMETHYSTS,SEASHELLS,9998.0,1
2639,-2,494300,,,AMETHYSTS,SEASHELLS,10005.0,7
2645,-2,495500,,,AMETHYSTS,SEASHELLS,10002.0,2
2649,-2,496600,,,AMETHYSTS,SEASHELLS,9998.0,1
2650,-2,496600,,,AMETHYSTS,SEASHELLS,9998.0,3
2652,-2,496900,,,AMETHYSTS,SEASHELLS,9998.0,1
2653,-2,496900,,,AMETHYSTS,SEASHELLS,9998.0,5
2655,-2,498000,,,AMETHYSTS,SEASHELLS,9998.0,2
2657,-2,498600,,,AMETHYSTS,SEASHELLS,10004.0,2
2660,-2,498800,,,AMETHYSTS,SEASHELLS,10002.0,1
2667,-2,499600,,,AMETHYSTS,SEASHELLS,9996.0,2
2670,-2,499800,,,AMETHYSTS,SEASHELLS,9998.0,1
2672,-2,500000,,,AMETHYSTS,SEASHELLS,9996.0,1
2674,-2,500200,,,AMETHYSTS,SEASHELLS,10002.0,5
2675,-2,500300,,,AMETHYSTS,SEASHELLS,10004.0,1
2678,-2,500700,,,AMETHYSTS,SEASHELLS,10002.0,9
2679,-2,500800,,,AMETHYSTS,SEASHELLS,10002.0,1
2681,-2,500900,,,AMETHYSTS,SEASHELLS,9996.0,2
2682,-2,501100,,,AMETHYSTS,SEASHELLS,9998.0,3
2683,-2,501500,,,AMETHYSTS,SEASHELLS,10002.0,2
2684,-2,501600,,,AMETHYSTS,SEASHELLS,10004.0,1
2686,-2,501700,,,AMETHYSTS,SEASHELLS,9998.0,1
2687,-2,501800,,,AMETHYSTS,SEASHELLS,9998.0,3
2689,-2,501900,,,AMETHYSTS,SEASHELLS,10002.0,2
2690,-2,502100,,,AMETHYSTS,SEASHELLS,9998.0,5
2691,-2,502100,,,AMETHYSTS,SEASHELLS,9996.0,2
2692,-2,502100,,,AMETHYSTS,SEASHELLS,9998.0,1
2695,-2,502600,,,AMETHYSTS,SEASHELLS,10002.0,1
2696,-2,502700,,,AMETHYSTS,SEASHELLS,10004.0,1
2698,-2,503000,,,AMETHYSTS,SEASHELLS,9996.0,8
2699,-2,503000,,,AMETHYSTS,SEASHELLS,9996.0,2
2700,-2,503100,,,AMETHYSTS,SEASHELLS,10002.0,3
2703,-2,503600,,,AMETHYSTS,SEASHELLS,10002.0,1
2712,-2,505800,,,AMETHYSTS,SEASHELLS,9996.0,2
2714,-2,506000,,,AMETHYSTS,SEASHELLS,10004.0,1
2716,-2,506200,,,AMETHYSTS,SEASHELLS,10002.0,1
2717,-2,506200,,,AMETHYSTS,SEASHELLS,10002.0,1
2722,-2,506300,,,AMETHYSTS,SEASHELLS,10005.0,1
2723,-2,506800,,,AMETHYSTS,SEASHELLS,9998.0,2
2724,-2,507300,,,AMETHYSTS,SEASHELLS,9998.0,1
2727,-2,507700,,,AMETHYSTS,SEASHELLS,9998.0,1
2729,-2,508100,,,AMETHYSTS,SEASHELLS,10005.0,1
2730,-2,508500,,,AMETHYSTS,SEASHELLS,10002.0,5
2732,-2,508800,,,AMETHYSTS,SEASHELLS,10002.0,2
2737,-2,509500,,,AMETHYSTS,SEASHELLS,10002.0,1
2738,-2,509700,,,AMETHYSTS,SEASHELLS,9998.0,5
2741,-2,510800,,,AMETHYSTS,SEASHELLS,10002.0,1
2742,-2,510800,,,AMETHYSTS,SEASHELLS,9998.0,9
2743,-2,511000,,,AMETHYSTS,SEASHELLS,10002.0,1
2744,-2,511100,,,AMETHYSTS,SEASHELLS,9998.0,1
2746,-2,511400,,,AMETHYSTS,SEASHELLS,10002.0,5
2752,-2,512200,,,AMETHYSTS,SEASHELLS,10002.0,1
2753,-2,512400,,,AMETHYSTS,SEASHELLS,10002.0,1
2754,-2,512500,,,AMETHYSTS,SEASHELLS,10004.0,4
2755,-2,512500,,,AMETHYSTS,SEASHELLS,10004.0,1
2761,-2,513500,,,AMETHYSTS,SEASHELLS,10004.0,1
2762,-2,514300,,,AMETHYSTS,SEASHELLS,9996.0,2
2765,-2,515200,,,AMETHYSTS,SEASHELLS,10002.0,1
2766,-2,516100,,,AMETHYSTS,SEASHELLS,10004.0,1
2767,-2,516100,,,AMETHYSTS,SEASHELLS,10004.0,2
2768,-2,516400,,,AMETHYSTS,SEASHELLS,10004.0,1
2771,-2,516600,,,AMETHYSTS,SEASHELLS,10002.0,2
2773,-2,517200,,,AMETHYSTS,SEASHELLS,10004.0,2
2774,-2,517200,,,AMETHYSTS,SEASHELLS,10004.0,1
2778,-2,517400,,,AMETHYSTS,SEASHELLS,9995.0,9
2780,-2,517600,,,AMETHYSTS,SEASHELLS,9995.0,2
2781,-2,517800,,,AMETHYSTS,SEASHELLS,10002.0,1
2782,-2,518100,,,AMETHYSTS,SEASHELLS,10002.0,2
2788,-2,518700,,,AMETHYSTS,SEASHELLS,9995.0,1
2790,-2,519000,,,AMETHYSTS,SEASHELLS,10004.0,2
2791,-2,519800,,,AMETHYSTS,SEASHELLS,10002.0,1
2792,-2,520100,,,AMETHYSTS,SEASHELLS,10005.0,5
2794,-2,520200,,,AMETHYSTS,SEASHELLS,10002.0,3
2795,-2,520200,,,AMETHYSTS,SEASHELLS,10002.0,6
2800,-2,521200,,,AMETHYSTS,SEASHELLS,9998.0,2
2803,-2,521700,,,AMETHYSTS,SEASHELLS,9998.0,1
2804,-2,521800,,,AMETHYSTS,SEASHELLS,9996.0,1
2805,-2,521800,,,AMETHYSTS,SEASHELLS,9996.0,7
2806,-2,522500,,,AMETHYSTS,SEASHELLS,10002.0,5
2807,-2,522600,,,AMETHYSTS,SEASHELLS,10002.0,1
2808,-2,522700,,,AMETHYSTS,SEASHELLS,9998.0,1
2809,-2,523400,,,AMETHYSTS,SEASHELLS,10002.0,1
2810,-2,523600,,,AMETHYSTS,SEASHELLS,10002.0,1
2811,-2,523700,,,AMETHYSTS,SEASHELLS,9996.0,1
2815,-2,524400,,,AMETHYSTS,SEASHELLS,9998.0,6
2816,-2,524500,,,AMETHYSTS,SEASHELLS,10005.0,2
2819,-2,524900,,,AMETHYSTS,SEASHELLS,9995.0,2
2820,-2,525100,,,AMETHYSTS,SEASHELLS,10002.0,1
2821,-2,525700,,,AMETHYSTS,SEASHELLS,9996.0,1
2822,-2,525900,,,AMETHYSTS,SEASHELLS,9998.0,3
2823,-2,526200,,,AMETHYSTS,SEASHELLS,10002.0,1
2825,-2,526400,,,AMETHYSTS,SEASHELLS,9996.0,2
2828,-2,527200,,,AMETHYSTS,SEASHELLS,10002.0,1
2829,-2,527300,,,AMETHYSTS,SEASHELLS,9998.0,1
2830,-2,527300,,,AMETHYSTS,SEASHELLS,9998.0,4
2831,-2,527400,,,AMETHYSTS,SEASHELLS,9998.0,1
2837,-2,530300,,,AMETHYSTS,SEASHELLS,10002.0,1
2840,-2,530700,,,AMETHYSTS,SEASHELLS,9998.0,1
2844,-2,531700,,,AMETHYSTS,SEASHELLS,10002.0,3
2846,-2,531900,,,AMETHYSTS,SEASHELLS,10004.0,2
2847,-2,532300,,,AMETHYSTS,SEASHELLS,9998.0,5
2848,-2,532300,,,AMETHYSTS,SEASHELLS,9998.0,1
2850,-2,532500,,,AMETHYSTS,SEASHELLS,9996.0,1
2856,-2,534100,,,AMETHYSTS,SEASHELLS,9996.0,1
2860,-2,535400,,,AMETHYSTS,SEASHELLS,9998.0,1
2864,-2,536000,,,AMETHYSTS,SEASHELLS,10002.0,1
2865,-2,536100,,,AMETHYSTS,SEASHELLS,10004.0,1
2867,-2,536100,,,AMETHYSTS,SEASHELLS,9998.0,6
2870,-2,536500,,,AMETHYSTS,SEASHELLS,9998.0,3
2871,-2,536800,,,AMETHYSTS,SEASHELLS,10002.0,1
2872,-2,536800,,,AMETHYSTS,SEASHELLS,10002.0,5
2874,-2,537200,,,AMETHYSTS,SEASHELLS,10005.0,3
2876,-2,537500,,,AMETHYSTS,SEASHELLS,9998.0,1
2885,-2,539300,,,AMETHYSTS,SEASHELLS,9998.0,1
2887,-2,539400,,,AMETHYSTS,SEASHELLS,9998.0,1
2890,-2,539600,,,AMETHYSTS,SEASHELLS,9998.0,1
2892,-2,539900,,,AMETHYSTS,SEASHELLS,10004.0,10
2893,-2,539900,,,AMETHYSTS,SEASHELLS,10004.0,1
2894,-2,540100,,,AMETHYSTS,SEASHELLS,10004.0,1
2898,-2,540500,,,AMETHYSTS,SEASHELLS,10002.0,1
2899,-2,540700,,,AMETHYSTS,SEASHELLS,10004.0,1
2903,-2,541200,,,AMETHYSTS,SEASHELLS,10005.0,1
2904,-2,541700,,,AMETHYSTS,SEASHELLS,9998.0,1
2907,-2,542200,,,AMETHYSTS,SEASHELLS,10002.0,4
2910,-2,542800,,,AMETHYSTS,SEASHELLS,10002.0,1
2911,-2,542900,,,AMETHYSTS,SEASHELLS,10002.0,2
2923,-2,544500,,,AMETHYSTS,SEASHELLS,9995.0,9
2924,-2,544500,,,AMETHYSTS,SEASHELLS,9995.0,1
2927,-2,545100,,,AMETHYSTS,SEASHELLS,9998.0,2
2928,-2,545200,,,AMETHYSTS,SEASHELLS,9996.0,2
2931,-2,546100,,,AMETHYSTS,SEASHELLS,10002.0,1
2936,-2,547700,,,AMETHYSTS,SEASHELLS,10002.0,1
2937,-2,547800,,,AMETHYSTS,SEASHELLS,10002.0,1
2938,-2,548000,,,AMETHYSTS,SEASHELLS,9996.0,1
2939,-2,548100,,,AMETHYSTS,SEASHELLS,10002.0,1
2940,-2,548400,,,AMETHYSTS,SEASHELLS,9996.0,1
2942,-2,548400,,,AMETHYSTS,SEASHELLS,9996.0,1
2948,-2,550600,,,AMETHYSTS,SEASHELLS,9998.0,1
2950,-2,550800,,,AMETHYSTS,SEASHELLS,10004.0,1
2952,-2,550900,,,AMETHYSTS,SEASHELLS,9996.0,1
2955,-2,551300,,,AMETHYSTS,SEASHELLS,9998.0,2
2959,-2,551300,,,AMETHYSTS,SEASHELLS,10002.0,2
2962,-2,551700,,,AMETHYSTS,SEASHELLS,10004.0,1
2964,-2,551900,,,AMETHYSTS,SEASHELLS,10004.0,1
2965,-2,551900,,,AMETHYSTS,SEASHELLS,10004.0,1
2970,-2,552800,,,AMETHYSTS,SEASHELLS,10002.0,1
2972,-2,553400,,,AMETHYSTS,SEASHELLS,9998.0,5
2975,-2,553900,,,AMETHYSTS,SEASHELLS,9995.0,1
2979,-2,554700,,,AMETHYSTS,SEASHELLS,10002.0,1
2980,-2,554800,,,AMETHYSTS,SEASHELLS,10002.0,1
2981,-2,555000,,,AMETHYSTS,SEASHELLS,9998.0,6
2983,-2,555300,,,AMETHYSTS,SEASHELLS,9996.0,1
2985,-2,555400,,,AMETHYSTS,SEASHELLS,10002.0,1
2987,-2,555500,,,AMETHYSTS,SEASHELLS,10002.0,1
2988,-2,555600,,,AMETHYSTS,SEASHELLS,9996.0,1
2994,-2,556400,,,AMETHYSTS,SEASHELLS,9998.0,1
2995,-2,556600,,,AMETHYSTS,SEASHELLS,10002.0,1
2997,-2,556700,,,AMETHYSTS,SEASHELLS,9996.0,2
2998,-2,556700,,,AMETHYSTS,SEASHELLS,9996.0,6
3002,-2,558000,,,AMETHYSTS,SEASHELLS,9998.0,1
3003,-2,558100,,,AMETHYSTS,SEASHELLS,9998.0,4
3005,-2,558700,,,AMETHYSTS,SEASHELLS,10002.0,4
3007,-2,559300,,,AMETHYSTS,SEASHELLS,9995.0,2
3011,-2,559800,,,AMETHYSTS,SEASHELLS,10002.0,1
3013,-2,560200,,,AMETHYSTS,SEASHELLS,10002.0,1
3017,-2,560600,,,AMETHYSTS,SEASHELLS,9995.0,1
3018,-2,560900,,,AMETHYSTS,SEASHELLS,10002.0,5
3020,-2,561200,,,AMETHYSTS,SEASHELLS,10002.0,3
3023,-2,561800,,,AMETHYSTS,SEASHELLS,10002.0,1
3028,-2,563400,,,AMETHYSTS,SEASHELLS,9998.0,3
3031,-2,563700,,,AMETHYSTS,SEASHELLS,10005.0,6
3034,-2,564500,,,AMETHYSTS,SEASHELLS,10002.0,3
3035,-2,564500,,,AMETHYSTS,SEASHELLS,10002.0,9
3037,-2,565600,,,AMETHYSTS,SEASHELLS,9995.0,1
3043,-2,566200,,,AMETHYSTS,SEASHELLS,9998.0,1
3046,-2,566700,,,AMETHYSTS,SEASHELLS,9998.0,3
3048,-2,566800,,,AMETHYSTS,SEASHELLS,10004.0,2
3050,-2,567000,,,AMETHYSTS,SEASHELLS,10004.0,1
3053,-2,567300,,,AMETHYSTS,SEASHELLS,10002.0,2
3055,-2,567400,,,AMETHYSTS,SEASHELLS,10002.0,5
3056,-2,567600,,,AMETHYSTS,SEASHELLS,9995.0,8
3057,-2,567700,,,AMETHYSTS,SEASHELLS,9995.0,2
3060,-2,567900,,,AMETHYSTS,SEASHELLS,9998.0,4
3064,-2,568700,,,AMETHYSTS,SEASHELLS,10002.0,1
3065,-2,569200,,,AMETHYSTS,SEASHELLS,10002.0,1
3066,-2,570200,,,AMETHYSTS,SEASHELLS,9998.0,9
3067,-2,570200,,,AMETHYSTS,SEASHELLS,9998.0,3
3069,-2,570700,,,AMETHYSTS,SEASHELLS,9996.0,1
3071,-2,570700,,,AMETHYSTS,SEASHELLS,9996.0,1
3073,-2,570800,,,AMETHYSTS,SEASHELLS,9998.0,1
3076,-2,571500,,,AMETHYSTS,SEASHELLS,9998.0,1
3077,-2,571900,,,AMETHYSTS,SEASHELLS,10002.0,2
3079,-2,572000,,,AMETHYSTS,SEASHELLS,10004.0,1
3080,-2,572400,,,AMETHYSTS,SEASHELLS,9998.0,1
3082,-2,572600,,,AMETHYSTS,SEASHELLS,9995.0,1
3084,-2,573000,,,AMETHYSTS,SEASHELLS,10004.0,2
3091,-2,574000,,,AMETHYSTS,SEASHELLS,9996.0,2
3092,-2,574000,,,AMETHYSTS,SEASHELLS,9996.0,5
3093,-2,574000,,,AMETHYSTS,SEASHELLS,10002.0,1
3095,-2,574300,,,AMETHYSTS,SEASHELLS,10002.0,2
3096,-2,574500,,,AMETHYSTS,SEASHELLS,9996.0,2
3099,-2,574700,,,AMETHYSTS,SEASHELLS,10005.0,10
3100,-2,574700,,,AMETHYSTS,SEASHELLS,10002.0,5
3101,-2,574900,,,AMETHYSTS,SEASHELLS,10002.0,1
3103,-2,575200,,,AMETHYSTS,SEASHELLS,9998.0,1
3104,-2,575500,,,AMETHYSTS,SEASHELLS,9998.0,1
3106,-2,575900,,,AMETHYSTS,SEASHELLS,9998.0,1
3107,-2,576000,,,AMETHYSTS,SEASHELLS,9998.0,1
3109,-2,576200,,,AMETHYSTS,SEASHELLS,9998.0,1
3110,-2,576300,,,AMETHYSTS,SEASHELLS,9998.0,2
3112,-2,576300,,,AMETHYSTS,SEASHELLS,9998.0,2
3114,-2,576700,,,AMETHYSTS,SEASHELLS,10005.0,10
3115,-2,576700,,,AMETHYSTS,SEASHELLS,9998.0,1
3117,-2,577000,,,AMETHYSTS,SEASHELLS,10004.0,2
3118,-2,578200,,,AMETHYSTS,SEASHELLS,9998.0,1
3122,-2,578400,,,AMETHYSTS,SEASHELLS,9995.0,1
3123,-2,578900,,,AMETHYSTS,SEASHELLS,9998.0,1
3127,-2,579800,,,AMETHYSTS,SEASHELLS,9998.0,1
3128,-2,579800,,,AMETHYSTS,SEASHELLS,10002.0,1
3129,-2,579900,,,AMETHYSTS,SEASHELLS,10002.0,3
3131,-2,580700,,,AMETHYSTS,SEASHELLS,10002.0,1
3132,-2,580900,,,AMETHYSTS,SEASHELLS,10002.0,1
3133,-2,581200,,,AMETHYSTS,SEASHELLS,10004.0,1
3135,-2,581300,,,AMETHYSTS,SEASHELLS,10004.0,2
3140,-2,582800,,,AMETHYSTS,SEASHELLS,9998.0,1
3141,-2,582800,,,AMETHYSTS,SEASHELLS,9998.0,4
3142,-2,583600,,,AMETHYSTS,SEASHELLS,10002.0,1
3143,-2,583700,,,AMETHYSTS,SEASHELLS,9996.0,2
3153,-2,585000,,,AMETHYSTS,SEASHELLS,10002.0,1
3156,-2,585500,,,AMETHYSTS,SEASHELLS,10004.0,2
3158,-2,585700,,,AMETHYSTS,SEASHELLS,10002.0,1
3160,-2,586200,,,AMETHYSTS,SEASHELLS,10005.0,1
3162,-2,586300,,,AMETHYSTS,SEASHELLS,9998.0,1
3164,-2,586500,,,AMETHYSTS,SEASHELLS,10005.0,1
3166,-2,586700,,,AMETHYSTS,SEASHELLS,10005.0,11
3170,-2,587200,,,AMETHYSTS,SEASHELLS,10004.0,1
3172,-2,587500,,,AMETHYSTS,SEASHELLS,9998.0,1
3174,-2,588700,,,AMETHYSTS,SEASHELLS,10002.0,1
3176,-2,588800,,,AMETHYSTS,SEASHELLS,9998.0,1
3178,-2,589000,,,AMETHYSTS,SEASHELLS,10002.0,3
3183,-2,589900,,,AMETHYSTS,SEASHELLS,9998.0,1
3184,-2,590100,,,AMETHYSTS,SEASHELLS,10004.0,2
3185,-2,590400,,,AMETHYSTS,SEASHELLS,9998.0,1
3187,-2,590600,,,AMETHYSTS,SEASHELLS,10002.0,1
3188,-2,591000,,,AMETHYSTS,SEASHELLS,9998.0,1
3189,-2,591000,,,AMETHYSTS,SEASHELLS,9998.0,1
3191,-2,591400,,,AMETHYSTS,SEASHELLS,10002.0,1
3196,-2,591900,,,AMETHYSTS,SEASHELLS,10002.0,1
3197,-2,592200,,,AMETHYSTS,SEASHELLS,9998.0,1
3200,-2,592300,,,AMETHYSTS,SEASHELLS,9998.0,1
3202,-2,592400,,,AMETHYSTS,SEASHELLS,10002.0,1
3204,-2,592500,,,AMETHYSTS,SEASHELLS,10004.0,2
3207,-2,592900,,,AMETHYSTS,SEASHELLS,10004.0,1
3209,-2,593100,,,AMETHYSTS,SEASHELLS,10002.0,1
3211,-2,593100,,,AMETHYSTS,SEASHELLS,10000.0,1
3213,-2,593300,,,AMETHYSTS,SEASHELLS,10004.0,2
3214,-2,594000,,,AMETHYSTS,SEASHELLS,9998.0,4
3215,-2,594800,,,AMETHYSTS,SEASHELLS,10004.0,2
3216,-2,594800,,,AMETHYSTS,SEASHELLS,10005.0,2
3218,-2,594900,,,AMETHYSTS,SEASHELLS,10002.0,1
3220,-2,595200,,,AMETHYSTS,SEASHELLS,10002.0,3
3221,-2,595300,,,AMETHYSTS,SEASHELLS,10000.0,1
3225,-2,595500,,,AMETHYSTS,SEASHELLS,10004.0,1
3228,-2,595800,,,AMETHYSTS,SEASHELLS,9998.0,1
3233,-2,596600,,,AMETHYSTS,SEASHELLS,10004.0,1
3234,-2,596900,,,AMETHYSTS,SEASHELLS,9998.0,1
3235,-2,597200,,,AMETHYSTS,SEASHELLS,10002.0,1
3237,-2,597600,,,AMETHYSTS,SEASHELLS,9995.0,11
3238,-2,598000,,,AMETHYSTS,SEASHELLS,10002.0,1
3240,-2,598100,,,AMETHYSTS,SEASHELLS,10004.0,8
3241,-2,598100,,,AMETHYSTS,SEASHELLS,10004.0,2
3243,-2,598700,,,AMETHYSTS,SEASHELLS,10002.0,1
3244,-2,599000,,,AMETHYSTS,SEASHELLS,9995.0,2
3247,-2,599100,,,AMETHYSTS,SEASHELLS,10004.0,1
3250,-2,599300,,,AMETHYSTS,SEASHELLS,9998.0,2
3252,-2,599500,,,AMETHYSTS,SEASHELLS,9998.0,2
3256,-2,599700,,,AMETHYSTS,SEASHELLS,10004.0,1
3258,-2,599700,,,AMETHYSTS,SEASHELLS,10004.0,1
3261,-2,600200,,,AMETHYSTS,SEASHELLS,10002.0,1
3263,-2,600400,,,AMETHYSTS,SEASHELLS,9998.0,1
3265,-2,600500,,,AMETHYSTS,SEASHELLS,9998.0,8
3266,-2,601500,,,AMETHYSTS,SEASHELLS,10002.0,1
3268,-2,601500,,,AMETHYSTS,SEASHELLS,10000.0,4
3269,-2,601600,,,AMETHYSTS,SEASHELLS,10004.0,1
3271,-2,601700,,,AMETHYSTS,SEASHELLS,9998.0,2
3275,-2,602700,,,AMETHYSTS,SEASHELLS,10004.0,1
3278,-2,602900,,,AMETHYSTS,SEASHELLS,9995.0,6
3283,-2,604700,,,AMETHYSTS,SEASHELLS,9998.0,1
3285,-2,605200,,,AMETHYSTS,SEASHELLS,9996.0,2
3289,-2,605700,,,AMETHYSTS,SEASHELLS,10004.0,1
3295,-2,607200,,,AMETHYSTS,SEASHELLS,10004.0,5
3296,-2,607200,,,AMETHYSTS,SEASHELLS,10004.0,6
3297,-2,607200,,,AMETHYSTS,SEASHELLS,10004.0,1
3298,-2,607600,,,AMETHYSTS,SEASHELLS,10005.0,4
3299,-2,607700,,,AMETHYSTS,SEASHELLS,10002.0,5
3301,-2,608400,,,AMETHYSTS,SEASHELLS,9995.0,2
3304,-2,609000,,,AMETHYSTS,SEASHELLS,10002.0,2
3309,-2,609900,,,AMETHYSTS,SEASHELLS,9996.0,1
3311,-2,610200,,,AMETHYSTS,SEASHELLS,9998.0,1
3314,-2,610400,,,AMETHYSTS,SEASHELLS,10005.0,2
3316,-2,610800,,,AMETHYSTS,SEASHELLS,10000.0,1
3319,-2,611400,,,AMETHYSTS,SEASHELLS,10002.0,1
3320,-2,611400,,,AMETHYSTS,SEASHELLS,10002.0,3
3321,-2,611600,,,AMETHYSTS,SEASHELLS,10002.0,5
3322,-2,611700,,,AMETHYSTS,SEASHELLS,9995.0,6
3324,-2,611900,,,AMETHYSTS,SEASHELLS,9998.0,8
3328,-2,612500,,,AMETHYSTS,SEASHELLS,9998.0,4
3329,-2,612500,,,AMETHYSTS,SEASHELLS,9998.0,1
3331,-2,612900,,,AMETHYSTS,SEASHELLS,9995.0,1
3334,-2,614000,,,AMETHYSTS,SEASHELLS,10005.0,1
3337,-2,614200,,,AMETHYSTS,SEASHELLS,9998.0,1
3340,-2,614800,,,AMETHYSTS,SEASHELLS,9998.0,1
3341,-2,614800,,,AMETHYSTS,SEASHELLS,10000.0,2
3342,-2,615100,,,AMETHYSTS,SEASHELLS,10005.0,2
3345,-2,615300,,,AMETHYSTS,SEASHELLS,10004.0,2
3346,-2,615400,,,AMETHYSTS,SEASHELLS,10002.0,1
3350,-2,617400,,,AMETHYSTS,SEASHELLS,10002.0,1
3353,-2,617700,,,AMETHYSTS,SEASHELLS,10002.0,2
3355,-2,617700,,,AMETHYSTS,SEASHELLS,10002.0,6
3357,-2,618500,,,AMETHYSTS,SEASHELLS,9998.0,3
3360,-2,619000,,,AMETHYSTS,SEASHELLS,10002.0,1
3363,-2,619400,,,AMETHYSTS,SEASHELLS,9998.0,1
3366,-2,621000,,,AMETHYSTS,SEASHELLS,9998.0,1
3367,-2,621300,,,AMETHYSTS,SEASHELLS,9998.0,1
3370,-2,622200,,,AMETHYSTS,SEASHELLS,10002.0,2
3372,-2,622300,,,AMETHYSTS,SEASHELLS,9996.0,1
3374,-2,622700,,,AMETHYSTS,SEASHELLS,10004.0,2
3376,-2,623100,,,AMETHYSTS,SEASHELLS,10002.0,1
3379,-2,623600,,,AMETHYSTS,SEASHELLS,9996.0,1
3384,-2,624700,,,AMETHYSTS,SEASHELLS,10002.0,1
3385,-2,624800,,,AMETHYSTS,SEASHELLS,10002.0,1
3386,-2,625000,,,AMETHYSTS,SEASHELLS,10002.0,4
3387,-2,625500,,,AMETHYSTS,SEASHELLS,9998.0,1
3388,-2,625700,,,AMETHYSTS,SEASHELLS,10002.0,2
3392,-2,625800,,,AMETHYSTS,SEASHELLS,10005.0,1
3394,-2,626700,,,AMETHYSTS,SEASHELLS,9998.0,1
3396,-2,626800,,,AMETHYSTS,SEASHELLS,10004.0,1
3400,-2,627600,,,AMETHYSTS,SEASHELLS,10002.0,3
3401,-2,627600,,,AMETHYSTS,SEASHELLS,10002.0,1
3402,-2,627600,,,AMETHYSTS,SEASHELLS,10002.0,1
3404,-2,627800,,,AMETHYSTS,SEASHELLS,9996.0,1
3407,-2,628300,,,AMETHYSTS,SEASHELLS,9996.0,1
3410,-2,628700,,,AMETHYSTS,SEASHELLS,9995.0,2
3414,-2,629200,,,AMETHYSTS,SEASHELLS,10002.0,1
3416,-2,629900,,,AMETHYSTS,SEASHELLS,9998.0,2
3419,-2,630100,,,AMETHYSTS,SEASHELLS,9995.0,1
3420,-2,630300,,,AMETHYSTS,SEASHELLS,10005.0,2
3422,-2,630400,,,AMETHYSTS,SEASHELLS,9998.0,1
3428,-2,632100,,,AMETHYSTS,SEASHELLS,10004.0,2
3430,-2,632800,,,AMETHYSTS,SEASHELLS,10002.0,1
3431,-2,633100,,,AMETHYSTS,SEASHELLS,9998.0,1
3436,-2,633700,,,AMETHYSTS,SEASHELLS,10004.0,1
3439,-2,634000,,,AMETHYSTS,SEASHELLS,10002.0,1
3440,-2,634100,,,AMETHYSTS,SEASHELLS,10002.0,1
3442,-2,634400,,,AMETHYSTS,SEASHELLS,10004.0,1
3451,-2,636000,,,AMETHYSTS,SEASHELLS,10002.0,1
3453,-2,637500,,,AMETHYSTS,SEASHELLS,9996.0,1
3459,-2,637900,,,AMETHYSTS,SEASHELLS,10004.0,1
3461,-2,637900,,,AMETHYSTS,SEASHELLS,10004.0,1
3462,-2,638200,,,AMETHYSTS,SEASHELLS,9998.0,2
3472,-2,639900,,,AMETHYSTS,SEASHELLS,9998.0,1
3474,-2,640400,,,AMETHYSTS,SEASHELLS,9998.0,4
3476,-2,641100,,,AMETHYSTS,SEASHELLS,9998.0,1
3479,-2,641700,,,AMETHYSTS,SEASHELLS,9998.0,1
3480,-2,641700,,,AMETHYSTS,SEASHELLS,10002.0,7
3481,-2,641800,,,AMETHYSTS,SEASHELLS,10005.0,7
3483,-2,642000,,,AMETHYSTS,SEASHELLS,10002.0,1
3486,-2,642700,,,AMETHYSTS,SEASHELLS,10004.0,2
3487,-2,642700,,,AMETHYSTS,SEASHELLS,10005.0,2
3489,-2,642700,,,AMETHYSTS,SEASHELLS,10004.0,2
3491,-2,643400,,,AMETHYSTS,SEASHELLS,10002.0,4
3492,-2,643400,,,AMETHYSTS,SEASHELLS,10002.0,1
3496,-2,643600,,,AMETHYSTS,SEASHELLS,9996.0,1
3498,-2,644100,,,AMETHYSTS,SEASHELLS,10005.0,7
3501,-2,644500,,,AMETHYSTS,SEASHELLS,9998.0,1
3502,-2,644600,,,AMETHYSTS,SEASHELLS,9996.0,1
3505,-2,644800,,,AMETHYSTS,SEASHELLS,10002.0,1
3506,-2,645400,,,AMETHYSTS,SEASHELLS,9996.0,1
3507,-2,645400,,,AMETHYSTS,SEASHELLS,9996.0,3
3509,-2,646800,,,AMETHYSTS,SEASHELLS,9998.0,1
3510,-2,646900,,,AMETHYSTS,SEASHELLS,9998.0,1
3511,-2,647300,,,AMETHYSTS,SEASHELLS,10002.0,2
3512,-2,647300,,,AMETHYSTS,SEASHELLS,10002.0,2
3513,-2,647400,,,AMETHYSTS,SEASHELLS,10002.0,1
3518,-2,648300,,,AMETHYSTS,SEASHELLS,9998.0,1
3521,-2,648600,,,AMETHYSTS,SEASHELLS,9998.0,1
3529,-2,650000,,,AMETHYSTS,SEASHELLS,9998.0,1
3531,-2,650300,,,AMETHYSTS,SEASHELLS,10004.0,1
3532,-2,650400,,,AMETHYSTS,SEASHELLS,9998.0,6
3534,-2,651000,,,AMETHYSTS,SEASHELLS,10005.0,2
3536,-2,651200,,,AMETHYSTS,SEASHELLS,10002.0,1
3537,-2,651300,,,AMETHYSTS,SEASHELLS,10002.0,1
3539,-2,651500,,,AMETHYSTS,SEASHELLS,9998.0,5
3545,-2,652000,,,AMETHYSTS,SEASHELLS,9998.0,1
3547,-2,652500,,,AMETHYSTS,SEASHELLS,9998.0,1
3549,-2,652800,,,AMETHYSTS,SEASHELLS,10002.0,1
3550,-2,653000,,,AMETHYSTS,SEASHELLS,10002.0,3
3554,-2,654400,,,AMETHYSTS,SEASHELLS,10004.0,2
3560,-2,655900,,,AMETHYSTS,SEASHELLS,9996.0,2
3561,-2,656000,,,AMETHYSTS,SEASHELLS,9996.0,1
3564,-2,656200,,,AMETHYSTS,SEASHELLS,10004.0,10
3565,-2,656200,,,AMETHYSTS,SEASHELLS,10004.0,2
3566,-2,656300,,,AMETHYSTS,SEASHELLS,10002.0,1
3567,-2,656400,,,AMETHYSTS,SEASHELLS,9998.0,1
3569,-2,657400,,,AMETHYSTS,SEASHELLS,10002.0,1
3571,-2,658000,,,AMETHYSTS,SEASHELLS,9996.0,2
3572,-2,658000,,,AMETHYSTS,SEASHELLS,9996.0,2
3573,-2,658300,,,AMETHYSTS,SEASHELLS,10004.0,2
3574,-2,658300,,,AMETHYSTS,SEASHELLS,10004.0,1
3578,-2,659300,,,AMETHYSTS,SEASHELLS,9998.0,5
3579,-2,659300,,,AMETHYSTS,SEASHELLS,9998.0,6
3581,-2,659500,,,AMETHYSTS,SEASHELLS,10005.0,1
3584,-2,660200,,,AMETHYSTS,SEASHELLS,10002.0,4
3585,-2,660500,,,AMETHYSTS,SEASHELLS,10002.0,1
3591,-2,661100,,,AMETHYSTS,SEASHELLS,9995.0,2
3594,-2,661400,,,AMETHYSTS,SEASHELLS,10002.0,1
3595,-2,661800,,,AMETHYSTS,SEASHELLS,10002.0,1
3601,-2,662600,,,AMETHYSTS,SEASHELLS,10005.0,2
3602,-2,662700,,,AMETHYSTS,SEASHELLS,9996.0,2
3603,-2,662900,,,AMETHYSTS,SEASHELLS,9998.0,1
3606,-2,663000,,,AMETHYSTS,SEASHELLS,10005.0,2
3607,-2,663200,,,AMETHYSTS,SEASHELLS,10002.0,1
3608,-2,663600,,,AMETHYSTS,SEASHELLS,9998.0,1
3610,-2,664700,,,AMETHYSTS,SEASHELLS,10005.0,2
3612,-2,664900,,,AMETHYSTS,SEASHELLS,9995.0,2
3615,-2,665000,,,AMETHYSTS,SEASHELLS,10002.0,2
3618,-2,665300,,,AMETHYSTS,SEASHELLS,9998.0,5
3620,-2,665400,,,AMETHYSTS,SEASHELLS,9995.0,2
3622,-2,665500,,,AMETHYSTS,SEASHELLS,10002.0,1
3623,-2,665700,,,AMETHYSTS,SEASHELLS,10005.0,2
3625,-2,666400,,,AMETHYSTS,SEASHELLS,9996.0,1
3626,-2,666600,,,AMETHYSTS,SEASHELLS,10002.0,1
3630,-2,666800,,,AMETHYSTS,SEASHELLS,9995.0,7
3631,-2,666900,,,AMETHYSTS,SEASHELLS,9996.0,1
3635,-2,667800,,,AMETHYSTS,SEASHELLS,10002.0,5
3636,-2,667900,,,AMETHYSTS,SEASHELLS,9998.0,4
3637,-2,668000,,,AMETHYSTS,SEASHELLS,10004.0,1
3641,-2,668300,,,AMETHYSTS,SEASHELLS,10004.0,2
3642,-2,668400,,,AMETHYSTS,SEASHELLS,10002.0,4
3645,-2,668700,,,AMETHYSTS,SEASHELLS,10002.0,1
3650,-2,669600,,,AMETHYSTS,SEASHELLS,10004.0,1
3653,-2,669800,,,AMETHYSTS,SEASHELLS,9998.0,2
3658,-2,670800,,,AMETHYSTS,SEASHELLS,10002.0,1
3661,-2,671600,,,AMETHYSTS,SEASHELLS,10002.0,1
3664,-2,672200,,,AMETHYSTS,SEASHELLS,9998.0,1
3665,-2,672400,,,AMETHYSTS,SEASHELLS,9998.0,3
3670,-2,673700,,,AMETHYSTS,SEASHELLS,9995.0,2
3672,-2,674600,,,AMETHYSTS,SEASHELLS,10004.0,2
3675,-2,674800,,,AMETHYSTS,SEASHELLS,9998.0,4
3676,-2,674800,,,AMETHYSTS,SEASHELLS,9998.0,4
3681,-2,675900,,,AMETHYSTS,SEASHELLS,10004.0,2
3683,-2,676100,,,AMETHYSTS,SEASHELLS,9998.0,1
3684,-2,676200,,,AMETHYSTS,SEASHELLS,10002.0,1
3685,-2,676500,,,AMETHYSTS,SEASHELLS,10002.0,3
3686,-2,676500,,,AMETHYSTS,SEASHELLS,10002.0,1
3687,-2,676800,,,AMETHYSTS,SEASHELLS,9995.0,3
3688,-2,676900,,,AMETHYSTS,SEASHELLS,10002.0,1
3689,-2,677100,,,AMETHYSTS,SEASHELLS,9995.0,7
3690,-2,677300,,,AMETHYSTS,SEASHELLS,10002.0,3
3696,-2,677900,,,AMETHYSTS,SEASHELLS,9998.0,1
3698,-2,678000,,,AMETHYSTS,SEASHELLS,10004.0,1
3700,-2,678300,,,AMETHYSTS,SEASHELLS,10002.0,2
3701,-2,678400,,,AMETHYSTS,SEASHELLS,9998.0,1
3704,-2,678800,,,AMETHYSTS,SEASHELLS,10002.0,3
3706,-2,679000,,,AMETHYSTS,SEASHELLS,10004.0,1
3708,-2,679200,,,AMETHYSTS,SEASHELLS,9998.0,3
3709,-2,679200,,,AMETHYSTS,SEASHELLS,9998.0,4
3710,-2,679300,,,AMETHYSTS,SEASHELLS,9996.0,1
3711,-2,679300,,,AMETHYSTS,SEASHELLS,9996.0,1
3713,-2,679500,,,AMETHYSTS,SEASHELLS,10002.0,3
3716,-2,680400,,,AMETHYSTS,SEASHELLS,9998.0,1
3717,-2,680500,,,AMETHYSTS,SEASHELLS,10005.0,1
3722,-2,681600,,,AMETHYSTS,SEASHELLS,9996.0,1
3723,-2,681600,,,AMETHYSTS,SEASHELLS,9996.0,1
3725,-2,681700,,,AMETHYSTS,SEASHELLS,10002.0,1
3730,-2,682900,,,AMETHYSTS,SEASHELLS,10004.0,7
3731,-2,682900,,,AMETHYSTS,SEASHELLS,10004.0,1
3732,-2,683000,,,AMETHYSTS,SEASHELLS,9998.0,1
3733,-2,683100,,,AMETHYSTS,SEASHELLS,9998.0,1
3736,-2,683300,,,AMETHYSTS,SEASHELLS,9998.0,1
3737,-2,683500,,,AMETHYSTS,SEASHELLS,10002.0,1
3744,-2,685600,,,AMETHYSTS,SEASHELLS,9998.0,1
3748,-2,686500,,,AMETHYSTS,SEASHELLS,10002.0,4
3749,-2,687100,,,AMETHYSTS,SEASHELLS,10002.0,9
3750,-2,687100,,,AMETHYSTS,SEASHELLS,10002.0,1
3753,-2,687300,,,AMETHYSTS,SEASHELLS,9998.0,1
3755,-2,687400,,,AMETHYSTS,SEASHELLS,9996.0,1
3756,-2,687400,,,AMETHYSTS,SEASHELLS,9996.0,1
3765,-2,688200,,,AMETHYSTS,SEASHELLS,10002.0,1
3767,-2,688300,,,AMETHYSTS,SEASHELLS,9996.0,2
3773,-2,689200,,,AMETHYSTS,SEASHELLS,9998.0,1
3778,-2,690200,,,AMETHYSTS,SEASHELLS,10002.0,1
3779,-2,690300,,,AMETHYSTS,SEASHELLS,9996.0,2
3780,-2,690300,,,AMETHYSTS,SEASHELLS,9996.0,4
3783,-2,690800,,,AMETHYSTS,SEASHELLS,9996.0,2
3784,-2,690800,,,AMETHYSTS,SEASHELLS,9996.0,2
3786,-2,691100,,,AMETHYSTS,SEASHELLS,9998.0,1
3789,-2,691900,,,AMETHYSTS,SEASHELLS,10005.0,2
3790,-2,692500,,,AMETHYSTS,SEASHELLS,9998.0,1
3791,-2,692800,,,AMETHYSTS,SEASHELLS,9996.0,1
3792,-2,692800,,,AMETHYSTS,SEASHELLS,9996.0,7
3793,-2,693200,,,AMETHYSTS,SEASHELLS,9998.0,1
3804,-2,694500,,,AMETHYSTS,SEASHELLS,9998.0,1
3807,-2,694800,,,AMETHYSTS,SEASHELLS,10005.0,1
3810,-2,696000,,,AMETHYSTS,SEASHELLS,9996.0,2
3812,-2,696100,,,AMETHYSTS,SEASHELLS,9998.0,1
3814,-2,696800,,,AMETHYSTS,SEASHELLS,10004.0,2
3818,-2,697300,,,AMETHYSTS,SEASHELLS,10002.0,5
3820,-2,697600,,,AMETHYSTS,SEASHELLS,9996.0,1
3822,-2,699100,,,AMETHYSTS,SEASHELLS,9996.0,1
3825,-2,699400,,,AMETHYSTS,SEASHELLS,9998.0,8
3826,-2,699500,,,AMETHYSTS,SEASHELLS,9998.0,1
3827,-2,699700,,,AMETHYSTS,SEASHELLS,10004.0,1
3828,-2,699700,,,AMETHYSTS,SEASHELLS,10004.0,2
3830,-2,700100,,,AMETHYSTS,SEASHELLS,10002.0,6
3831,-2,700300,,,AMETHYSTS,SEASHELLS,10005.0,6
3832,-2,700400,,,AMETHYSTS,SEASHELLS,10002.0,2
3833,-2,700600,,,AMETHYSTS,SEASHELLS,9995.0,1
3835,-2,700700,,,AMETHYSTS,SEASHELLS,9998.0,1
3838,-2,700900,,,AMETHYSTS,SEASHELLS,10004.0,1
3839,-2,701200,,,AMETHYSTS,SEASHELLS,10002.0,1
3842,-2,701300,,,AMETHYSTS,SEASHELLS,10004.0,1
3843,-2,701400,,,AMETHYSTS,SEASHELLS,10004.0,1
3855,-2,703100,,,AMETHYSTS,SEASHELLS,9996.0,2
3856,-2,703600,,,AMETHYSTS,SEASHELLS,9996.0,2
3860,-2,703700,,,AMETHYSTS,SEASHELLS,10004.0,2
3861,-2,703900,,,AMETHYSTS,SEASHELLS,9996.0,1
3862,-2,703900,,,AMETHYSTS,SEASHELLS,9996.0,7
3865,-2,705100,,,AMETHYSTS,SEASHELLS,10004.0,1
3866,-2,705100,,,AMETHYSTS,SEASHELLS,10004.0,1
3868,-2,705200,,,AMETHYSTS,SEASHELLS,9998.0,3
3870,-2,705500,,,AMETHYSTS,SEASHELLS,9995.0,1
3871,-2,705700,,,AMETHYSTS,SEASHELLS,9998.0,4
3872,-2,705700,,,AMETHYSTS,SEASHELLS,9998.0,1
3873,-2,705800,,,AMETHYSTS,SEASHELLS,10004.0,1
3883,-2,707000,,,AMETHYSTS,SEASHELLS,10004.0,1
3885,-2,707400,,,AMETHYSTS,SEASHELLS,9998.0,1
3887,-2,707600,,,AMETHYSTS,SEASHELLS,9998.0,1
3888,-2,707600,,,AMETHYSTS,SEASHELLS,9998.0,1
3890,-2,707800,,,AMETHYSTS,SEASHELLS,10002.0,4
3891,-2,707900,,,AMETHYSTS,SEASHELLS,10004.0,1
3895,-2,708200,,,AMETHYSTS,SEASHELLS,9996.0,1
3898,-2,708700,,,AMETHYSTS,SEASHELLS,10002.0,4
3900,-2,709200,,,AMETHYSTS,SEASHELLS,9998.0,1
3902,-2,709400,,,AMETHYSTS,SEASHELLS,10004.0,1
3904,-2,709500,,,AMETHYSTS,SEASHELLS,10005.0,1
3905,-2,709600,,,AMETHYSTS,SEASHELLS,9998.0,1
3909,-2,709800,,,AMETHYSTS,SEASHELLS,9998.0,1
3910,-2,709900,,,AMETHYSTS,SEASHELLS,9998.0,1
3912,-2,710500,,,AMETHYSTS,SEASHELLS,9996.0,1
3917,-2,711100,,,AMETHYSTS,SEASHELLS,10002.0,1
3918,-2,711300,,,AMETHYSTS,SEASHELLS,10002.0,1
3921,-2,711500,,,AMETHYSTS,SEASHELLS,10004.0,1
3923,-2,711600,,,AMETHYSTS,SEASHELLS,9998.0,1
3924,-2,711600,,,AMETHYSTS,SEASHELLS,9995.0,2
3926,-2,712100,,,AMETHYSTS,SEASHELLS,10004.0,2
3928,-2,712400,,,AMETHYSTS,SEASHELLS,10002.0,2
3930,-2,712700,,,AMETHYSTS,SEASHELLS,9998.0,1
3931,-2,713100,,,AMETHYSTS,SEASHELLS,10002.0,1
3933,-2,713200,,,AMETHYSTS,SEASHELLS,9996.0,2
3935,-2,713400,,,AMETHYSTS,SEASHELLS,10002.0,1
3939,-2,714100,,,AMETHYSTS,SEASHELLS,10002.0,2
3940,-2,714200,,,AMETHYSTS,SEASHELLS,10005.0,9
3944,-2,715500,,,AMETHYSTS,SEASHELLS,9996.0,2
3946,-2,715900,,,AMETHYSTS,SEASHELLS,9998.0,1
3947,-2,716600,,,AMETHYSTS,SEASHELLS,10005.0,12
3948,-2,717000,,,AMETHYSTS,SEASHELLS,9996.0,1
3951,-2,717300,,,AMETHYSTS,SEASHELLS,10002.0,1
3954,-2,718200,,,AMETHYSTS,SEASHELLS,9998.0,1
3956,-2,718700,,,AMETHYSTS,SEASHELLS,10005.0,2
3959,-2,718900,,,AMETHYSTS,SEASHELLS,10002.0,1
3962,-2,719200,,,AMETHYSTS,SEASHELLS,10002.0,1
3965,-2,719300,,,AMETHYSTS,SEASHELLS,10002.0,1
3966,-2,720000,,,AMETHYSTS,SEASHELLS,9998.0,1
3967,-2,720400,,,AMETHYSTS,SEASHELLS,10004.0,1
3970,-2,720900,,,AMETHYSTS,SEASHELLS,9998.0,1
3972,-2,721100,,,AMETHYSTS,SEASHELLS,10002.0,1
3975,-2,721600,,,AMETHYSTS,SEASHELLS,10004.0,1
3979,-2,722000,,,AMETHYSTS,SEASHELLS,10002.0,5
3980,-2,722600,,,AMETHYSTS,SEASHELLS,9998.0,2
3983,-2,722900,,,AMETHYSTS,SEASHELLS,9996.0,2
3984,-2,723000,,,AMETHYSTS,SEASHELLS,9995.0,2
3986,-2,723100,,,AMETHYSTS,SEASHELLS,9996.0,2
3987,-2,723300,,,AMETHYSTS,SEASHELLS,9995.0,2
3990,-2,723400,,,AMETHYSTS,SEASHELLS,10005.0,1
3991,-2,723500,,,AMETHYSTS,SEASHELLS,10002.0,1
3997,-2,723800,,,AMETHYSTS,SEASHELLS,9995.0,1
3999,-2,724000,,,AMETHYSTS,SEASHELLS,9998.0,1
4002,-2,724100,,,AMETHYSTS,SEASHELLS,10005.0,2
4005,-2,724600,,,AMETHYSTS,SEASHELLS,9996.0,1
4007,-2,724900,,,AMETHYSTS,SEASHELLS,9996.0,1
4011,-2,727000,,,AMETHYSTS,SEASHELLS,10002.0,4
4013,-2,727700,,,AMETHYSTS,SEASHELLS,9998.0,1
4014,-2,727800,,,AMETHYSTS,SEASHELLS,9998.0,1
4018,-2,728600,,,AMETHYSTS,SEASHELLS,9996.0,1
4019,-2,729300,,,AMETHYSTS,SEASHELLS,9998.0,3
4022,-2,729800,,,AMETHYSTS,SEASHELLS,10002.0,1
4025,-2,730200,,,AMETHYSTS,SEASHELLS,9998.0,1
4026,-2,730400,,,AMETHYSTS,SEASHELLS,9998.0,1
4027,-2,730500,,,AMETHYSTS,SEASHELLS,9996.0,2
4028,-2,730500,,,AMETHYSTS,SEASHELLS,9996.0,2
4029,-2,730700,,,AMETHYSTS,SEASHELLS,9998.0,2
4030,-2,730700,,,AMETHYSTS,SEASHELLS,10004.0,1
4033,-2,730900,,,AMETHYSTS,SEASHELLS,10002.0,1
4034,-2,731200,,,AMETHYSTS,SEASHELLS,10002.0,2
4038,-2,732600,,,AMETHYSTS,SEASHELLS,9996.0,2
4041,-2,732800,,,AMETHYSTS,SEASHELLS,9998.0,1
4042,-2,733000,,,AMETHYSTS,SEASHELLS,9998.0,1
4043,-2,733200,,,AMETHYSTS,SEASHELLS,10004.0,1
4047,-2,733500,,,AMETHYSTS,SEASHELLS,9998.0,3
4049,-2,734300,,,AMETHYSTS,SEASHELLS,9998.0,1
4050,-2,734700,,,AMETHYSTS,SEASHELLS,9996.0,2
4051,-2,734700,,,AMETHYSTS,SEASHELLS,10002.0,1
4052,-2,734700,,,AMETHYSTS,SEASHELLS,10002.0,4
4053,-2,734700,,,AMETHYSTS,SEASHELLS,9996.0,8
4055,-2,734800,,,AMETHYSTS,SEASHELLS,9998.0,2
4056,-2,734800,,,AMETHYSTS,SEASHELLS,9998.0,2
4057,-2,734900,,,AMETHYSTS,SEASHELLS,10002.0,1
4058,-2,735600,,,AMETHYSTS,SEASHELLS,9998.0,1
4059,-2,735800,,,AMETHYSTS,SEASHELLS,10002.0,3
4060,-2,736000,,,AMETHYSTS,SEASHELLS,9998.0,1
4061,-2,736500,,,AMETHYSTS,SEASHELLS,10004.0,3
4062,-2,736500,,,AMETHYSTS,SEASHELLS,10004.0,1
4063,-2,736500,,,AMETHYSTS,SEASHELLS,10005.0,2
4073,-2,738700,,,AMETHYSTS,SEASHELLS,10004.0,1
4074,-2,738800,,,AMETHYSTS,SEASHELLS,9995.0,2
4076,-2,738900,,,AMETHYSTS,SEASHELLS,9996.0,1
4080,-2,739200,,,AMETHYSTS,SEASHELLS,10002.0,6
4082,-2,739400,,,AMETHYSTS,SEASHELLS,9998.0,1
4084,-2,740200,,,AMETHYSTS,SEASHELLS,9998.0,1
4086,-2,741300,,,AMETHYSTS,SEASHELLS,9998.0,1
4088,-2,741500,,,AMETHYSTS,SEASHELLS,10002.0,5
4090,-2,741900,,,AMETHYSTS,SEASHELLS,9998.0,1
4094,-2,742400,,,AMETHYSTS,SEASHELLS,9998.0,1
4099,-2,743100,,,AMETHYSTS,SEASHELLS,10004.0,2
4100,-2,743300,,,AMETHYSTS,SEASHELLS,9998.0,1
4101,-2,743500,,,AMETHYSTS,SEASHELLS,9996.0,4
4102,-2,743500,,,AMETHYSTS,SEASHELLS,9996.0,2
4110,-2,744500,,,AMETHYSTS,SEASHELLS,10004.0,1
4112,-2,744900,,,AMETHYSTS,SEASHELLS,9998.0,1
4113,-2,745200,,,AMETHYSTS,SEASHELLS,9996.0,1
4117,-2,745700,,,AMETHYSTS,SEASHELLS,9996.0,6
4118,-2,745700,,,AMETHYSTS,SEASHELLS,9996.0,1
4119,-2,745900,,,AMETHYSTS,SEASHELLS,9996.0,1
4120,-2,745900,,,AMETHYSTS,SEASHELLS,9996.0,7
4123,-2,746300,,,AMETHYSTS,SEASHELLS,10002.0,1
4124,-2,746300,,,AMETHYSTS,SEASHELLS,10002.0,3
4128,-2,747600,,,AMETHYSTS,SEASHELLS,9998.0,6
4130,-2,747600,,,AMETHYSTS,SEASHELLS,9998.0,5
4131,-2,747600,,,AMETHYSTS,SEASHELLS,10002.0,1
4137,-2,748100,,,AMETHYSTS,SEASHELLS,10005.0,2
4138,-2,748500,,,AMETHYSTS,SEASHELLS,9998.0,2
4142,-2,749100,,,AMETHYSTS,SEASHELLS,10002.0,4
4145,-2,750100,,,AMETHYSTS,SEASHELLS,10002.0,1
4146,-2,750200,,,AMETHYSTS,SEASHELLS,10004.0,2
4147,-2,750300,,,AMETHYSTS,SEASHELLS,10002.0,1
4149,-2,750600,,,AMETHYSTS,SEASHELLS,10002.0,1
4151,-2,751200,,,AMETHYSTS,SEASHELLS,9998.0,1
4153,-2,751300,,,AMETHYSTS,SEASHELLS,9996.0,1
4155,-2,751900,,,AMETHYSTS,SEASHELLS,10002.0,1
4156,-2,752200,,,AMETHYSTS,SEASHELLS,10005.0,1
4158,-2,752400,,,AMETHYSTS,SEASHELLS,10002.0,1
4165,-2,753700,,,AMETHYSTS,SEASHELLS,10005.0,5
4166,-2,753700,,,AMETHYSTS,SEASHELLS,9995.0,1
4168,-2,753800,,,AMETHYSTS,SEASHELLS,10002.0,4
4169,-2,753900,,,AMETHYSTS,SEASHELLS,9998.0,1
4170,-2,754000,,,AMETHYSTS,SEASHELLS,10004.0,2
4171,-2,754600,,,AMETHYSTS,SEASHELLS,9998.0,3
4172,-2,754800,,,AMETHYSTS,SEASHELLS,9996.0,7
4173,-2,754800,,,AMETHYSTS,SEASHELLS,9996.0,1
4175,-2,755500,,,AMETHYSTS,SEASHELLS,10004.0,1
4177,-2,755600,,,AMETHYSTS,SEASHELLS,9998.0,1
4181,-2,756200,,,AMETHYSTS,SEASHELLS,10002.0,1
4182,-2,756500,,,AMETHYSTS,SEASHELLS,9998.0,3
4183,-2,756800,,,AMETHYSTS,SEASHELLS,9998.0,1
4184,-2,757000,,,AMETHYSTS,SEASHELLS,9996.0,2
4189,-2,758300,,,AMETHYSTS,SEASHELLS,9996.0,2
4193,-2,759100,,,AMETHYSTS,SEASHELLS,9998.0,1
4196,-2,759200,,,AMETHYSTS,SEASHELLS,10004.0,1
4200,-2,759700,,,AMETHYSTS,SEASHELLS,9998.0,1
4202,-2,760200,,,AMETHYSTS,SEASHELLS,9996.0,9
4203,-2,760200,,,AMETHYSTS,SEASHELLS,9996.0,1
4204,-2,760700,,,AMETHYSTS,SEASHELLS,9996.0,1
4206,-2,760900,,,AMETHYSTS,SEASHELLS,9998.0,1
4213,-2,762200,,,AMETHYSTS,SEASHELLS,9996.0,1
4215,-2,762600,,,AMETHYSTS,SEASHELLS,10005.0,2
4217,-2,762700,,,AMETHYSTS,SEASHELLS,10002.0,3
4219,-2,763000,,,AMETHYSTS,SEASHELLS,9998.0,1
4220,-2,763400,,,AMETHYSTS,SEASHELLS,10004.0,2
4222,-2,763600,,,AMETHYSTS,SEASHELLS,9998.0,3
4223,-2,763700,,,AMETHYSTS,SEASHELLS,9996.0,7
4226,-2,763700,,,AMETHYSTS,SEASHELLS,9996.0,1
4227,-2,763900,,,AMETHYSTS,SEASHELLS,9998.0,1
4232,-2,764800,,,AMETHYSTS,SEASHELLS,10002.0,4
4233,-2,765200,,,AMETHYSTS,SEASHELLS,9998.0,5
4236,-2,766100,,,AMETHYSTS,SEASHELLS,9998.0,1
4237,-2,766500,,,AMETHYSTS,SEASHELLS,10002.0,1
4241,-2,767700,,,AMETHYSTS,SEASHELLS,10002.0,1
4243,-2,768400,,,AMETHYSTS,SEASHELLS,10002.0,2
4246,-2,769300,,,AMETHYSTS,SEASHELLS,9998.0,1
4251,-2,769800,,,AMETHYSTS,SEASHELLS,10002.0,1
4252,-2,770000,,,AMETHYSTS,SEASHELLS,9995.0,9
4253,-2,770100,,,AMETHYSTS,SEASHELLS,9998.0,4
4256,-2,772000,,,AMETHYSTS,SEASHELLS,9998.0,2
4260,-2,772800,,,AMETHYSTS,SEASHELLS,9998.0,1
4264,-2,773800,,,AMETHYSTS,SEASHELLS,9998.0,1
4266,-2,774000,,,AMETHYSTS,SEASHELLS,9998.0,1
4269,-2,775000,,,AMETHYSTS,SEASHELLS,10002.0,1
4270,-2,775500,,,AMETHYSTS,SEASHELLS,9998.0,1
4275,-2,775900,,,AMETHYSTS,SEASHELLS,9996.0,1
4277,-2,776100,,,AMETHYSTS,SEASHELLS,10004.0,1
4280,-2,776300,,,AMETHYSTS,SEASHELLS,10004.0,1
4282,-2,776400,,,AMETHYSTS,SEASHELLS,9998.0,1
4284,-2,777000,,,AMETHYSTS,SEASHELLS,9998.0,1
4288,-2,777200,,,AMETHYSTS,SEASHELLS,9998.0,1
4289,-2,777300,,,AMETHYSTS,SEASHELLS,9998.0,1
4296,-2,778200,,,AMETHYSTS,SEASHELLS,10004.0,2
4298,-2,778300,,,AMETHYSTS,SEASHELLS,9998.0,1
4299,-2,778500,,,AMETHYSTS,SEASHELLS,9998.0,1
4301,-2,778800,,,AMETHYSTS,SEASHELLS,10002.0,1
4302,-2,778900,,,AMETHYSTS,SEASHELLS,9998.0,1
4303,-2,779000,,,AMETHYSTS,SEASHELLS,10004.0,1
4304,-2,779000,,,AMETHYSTS,SEASHELLS,10004.0,9
4307,-2,779100,,,AMETHYSTS,SEASHELLS,9998.0,1
4308,-2,779700,,,AMETHYSTS,SEASHELLS,9998.0,1
4311,-2,779900,,,AMETHYSTS,SEASHELLS,10005.0,1
4312,-2,779900,,,AMETHYSTS,SEASHELLS,10004.0,2
4313,-2,780100,,,AMETHYSTS,SEASHELLS,10002.0,1
4319,-2,781000,,,AMETHYSTS,SEASHELLS,9996.0,1
4321,-2,781000,,,AMETHYSTS,SEASHELLS,9996.0,1
4325,-2,781100,,,AMETHYSTS,SEASHELLS,10004.0,1
4326,-2,781100,,,AMETHYSTS,SEASHELLS,10004.0,1
4329,-2,781300,,,AMETHYSTS,SEASHELLS,10002.0,1
4333,-2,782200,,,AMETHYSTS,SEASHELLS,9996.0,1
4336,-2,782700,,,AMETHYSTS,SEASHELLS,10004.0,1
4338,-2,783100,,,AMETHYSTS,SEASHELLS,10002.0,1
4339,-2,783500,,,AMETHYSTS,SEASHELLS,9998.0,1
4342,-2,784300,,,AMETHYSTS,SEASHELLS,10002.0,1
4343,-2,784700,,,AMETHYSTS,SEASHELLS,10002.0,2
4347,-2,785300,,,AMETHYSTS,SEASHELLS,9998.0,1
4348,-2,785400,,,AMETHYSTS,SEASHELLS,9998.0,4
4349,-2,785700,,,AMETHYSTS,SEASHELLS,10005.0,1
4353,-2,787000,,,AMETHYSTS,SEASHELLS,9998.0,6
4355,-2,787700,,,AMETHYSTS,SEASHELLS,10002.0,1
4356,-2,787900,,,AMETHYSTS,SEASHELLS,10002.0,1
4360,-2,788300,,,AMETHYSTS,SEASHELLS,10004.0,1
4362,-2,788800,,,AMETHYSTS,SEASHELLS,9998.0,1
4363,-2,788900,,,AMETHYSTS,SEASHELLS,10004.0,1
4365,-2,789500,,,AMETHYSTS,SEASHELLS,9996.0,2
4366,-2,789600,,,AMETHYSTS,SEASHELLS,10004.0,2
4368,-2,790200,,,AMETHYSTS,SEASHELLS,10002.0,4
4370,-2,790500,,,AMETHYSTS,SEASHELLS,10002.0,3
4374,-2,791300,,,AMETHYSTS,SEASHELLS,9998.0,1
4375,-2,791700,,,AMETHYSTS,SEASHELLS,9995.0,3
4378,-2,792100,,,AMETHYSTS,SEASHELLS,10002.0,2
4380,-2,792200,,,AMETHYSTS,SEASHELLS,10002.0,1
4382,-2,792500,,,AMETHYSTS,SEASHELLS,10002.0,1
4385,-2,793300,,,AMETHYSTS,SEASHELLS,9998.0,1
4388,-2,793500,,,AMETHYSTS,SEASHELLS,9996.0,1
4389,-2,793800,,,AMETHYSTS,SEASHELLS,9998.0,4
4391,-2,793800,,,AMETHYSTS,SEASHELLS,9998.0,8
4392,-2,794800,,,AMETHYSTS,SEASHELLS,9998.0,1
4393,-2,795400,,,AMETHYSTS,SEASHELLS,9998.0,4
4394,-2,795400,,,AMETHYSTS,SEASHELLS,9998.0,2
4397,-2,796300,,,AMETHYSTS,SEASHELLS,9996.0,2
4398,-2,796500,,,AMETHYSTS,SEASHELLS,9998.0,1
4401,-2,797100,,,AMETHYSTS,SEASHELLS,9998.0,1
4402,-2,797100,,,AMETHYSTS,SEASHELLS,9998.0,1
4404,-2,797300,,,AMETHYSTS,SEASHELLS,10002.0,1
4411,-2,797900,,,AMETHYSTS,SEASHELLS,10004.0,1
4413,-2,797900,,,AMETHYSTS,SEASHELLS,10004.0,1
4414,-2,798000,,,AMETHYSTS,SEASHELLS,9998.0,1
4416,-2,798100,,,AMETHYSTS,SEASHELLS,10005.0,1
4419,-2,798900,,,AMETHYSTS,SEASHELLS,9998.0,2
4421,-2,799300,,,AMETHYSTS,SEASHELLS,10004.0,2
4424,-2,799500,,,AMETHYSTS,SEASHELLS,10000.0,6
4426,-2,799800,,,AMETHYSTS,SEASHELLS,10004.0,2
4428,-2,800000,,,AMETHYSTS,SEASHELLS,9998.0,1
4431,-2,801000,,,AMETHYSTS,SEASHELLS,10005.0,10
4432,-2,801100,,,AMETHYSTS,SEASHELLS,10005.0,1
4435,-2,801500,,,AMETHYSTS,SEASHELLS,9998.0,1
4437,-2,802200,,,AMETHYSTS,SEASHELLS,9998.0,1
4439,-2,803200,,,AMETHYSTS,SEASHELLS,10004.0,2
4442,-2,803700,,,AMETHYSTS,SEASHELLS,9998.0,1
4444,-2,803900,,,AMETHYSTS,SEASHELLS,9998.0,4
4445,-2,804200,,,AMETHYSTS,SEASHELLS,9998.0,1
4446,-2,804600,,,AMETHYSTS,SEASHELLS,10004.0,8
4447,-2,804600,,,AMETHYSTS,SEASHELLS,10004.0,1
4450,-2,804700,,,AMETHYSTS,SEASHELLS,9996.0,1
4453,-2,804800,,,AMETHYSTS,SEASHELLS,10005.0,1
4454,-2,805000,,,AMETHYSTS,SEASHELLS,10004.0,1
4455,-2,805300,,,AMETHYSTS,SEASHELLS,10002.0,5
4457,-2,805800,,,AMETHYSTS,SEASHELLS,9998.0,4
4460,-2,806500,,,AMETHYSTS,SEASHELLS,10004.0,1
4461,-2,806600,,,AMETHYSTS,SEASHELLS,9998.0,2
4463,-2,807200,,,AMETHYSTS,SEASHELLS,9996.0,2
4470,-2,808500,,,AMETHYSTS,SEASHELLS,9998.0,4
4475,-2,809100,,,AMETHYSTS,SEASHELLS,10005.0,1
4479,-2,810000,,,AMETHYSTS,SEASHELLS,9998.0,1
4481,-2,810500,,,AMETHYSTS,SEASHELLS,10005.0,4
4483,-2,810600,,,AMETHYSTS,SEASHELLS,9995.0,1
4485,-2,810800,,,AMETHYSTS,SEASHELLS,10002.0,1
4486,-2,811200,,,AMETHYSTS,SEASHELLS,9996.0,1
4487,-2,811200,,,AMETHYSTS,SEASHELLS,9996.0,1
4488,-2,811200,,,AMETHYSTS,SEASHELLS,10002.0,5
4493,-2,811500,,,AMETHYSTS,SEASHELLS,10004.0,1
4494,-2,811900,,,AMETHYSTS,SEASHELLS,10004.0,2
4495,-2,811900,,,AMETHYSTS,SEASHELLS,10004.0,10
4496,-2,812500,,,AMETHYSTS,SEASHELLS,10004.0,1
4499,-2,812700,,,AMETHYSTS,SEASHELLS,9998.0,2
4500,-2,812700,,,AMETHYSTS,SEASHELLS,9998.0,1
4502,-2,812900,,,AMETHYSTS,SEASHELLS,10002.0,1
4507,-2,814200,,,AMETHYSTS,SEASHELLS,9995.0,2
4509,-2,814800,,,AMETHYSTS,SEASHELLS,10002.0,1
4510,-2,814800,,,AMETHYSTS,SEASHELLS,10002.0,4
4514,-2,815100,,,AMETHYSTS,SEASHELLS,10005.0,2
4515,-2,815400,,,AMETHYSTS,SEASHELLS,10002.0,1
4516,-2,815400,,,AMETHYSTS,SEASHELLS,10004.0,2
4517,-2,815400,,,AMETHYSTS,SEASHELLS,10004.0,4
4518,-2,815500,,,AMETHYSTS,SEASHELLS,10002.0,4
4520,-2,816100,,,AMETHYSTS,SEASHELLS,10002.0,1
4524,-2,816800,,,AMETHYSTS,SEASHELLS,9998.0,2
4529,-2,819600,,,AMETHYSTS,SEASHELLS,9998.0,1
4530,-2,819900,,,AMETHYSTS,SEASHELLS,10002.0,1
4532,-2,820500,,,AMETHYSTS,SEASHELLS,10004.0,2
4533,-2,820800,,,AMETHYSTS,SEASHELLS,10004.0,1
4535,-2,820800,,,AMETHYSTS,SEASHELLS,10004.0,1
4537,-2,821400,,,AMETHYSTS,SEASHELLS,9998.0,1
4539,-2,821800,,,AMETHYSTS,SEASHELLS,9998.0,1
4542,-2,822300,,,AMETHYSTS,SEASHELLS,9998.0,1
4544,-2,822500,,,AMETHYSTS,SEASHELLS,10002.0,2
4546,-2,823200,,,AMETHYSTS,SEASHELLS,10005.0,2
4548,-2,824200,,,AMETHYSTS,SEASHELLS,9995.0,11
4549,-2,824300,,,AMETHYSTS,SEASHELLS,9995.0,2
4551,-2,824300,,,AMETHYSTS,SEASHELLS,9998.0,1
4553,-2,824800,,,AMETHYSTS,SEASHELLS,10004.0,2
4564,-2,828900,,,AMETHYSTS,SEASHELLS,10004.0,1
4567,-2,829000,,,AMETHYSTS,SEASHELLS,10004.0,2
4569,-2,829300,,,AMETHYSTS,SEASHELLS,9996.0,1
4574,-2,830700,,,AMETHYSTS,SEASHELLS,9998.0,1
4575,-2,830800,,,AMETHYSTS,SEASHELLS,10002.0,3
4576,-2,831200,,,AMETHYSTS,SEASHELLS,10002.0,1
4577,-2,832200,,,AMETHYSTS,SEASHELLS,10002.0,1
4578,-2,832200,,,AMETHYSTS,SEASHELLS,10002.0,5
4582,-2,832700,,,AMETHYSTS,SEASHELLS,9996.0,1
4584,-2,833300,,,AMETHYSTS,SEASHELLS,10002.0,1
4585,-2,833400,,,AMETHYSTS,SEASHELLS,9998.0,1
4586,-2,833700,,,AMETHYSTS,SEASHELLS,9996.0,2
4591,-2,834600,,,AMETHYSTS,SEASHELLS,9995.0,10
4593,-2,834700,,,AMETHYSTS,SEASHELLS,9998.0,1
4595,-2,835200,,,AMETHYSTS,SEASHELLS,9998.0,2
4596,-2,835200,,,AMETHYSTS,SEASHELLS,9998.0,1
4598,-2,835800,,,AMETHYSTS,SEASHELLS,9998.0,1
4600,-2,836500,,,AMETHYSTS,SEASHELLS,9998.0,1
4602,-2,837200,,,AMETHYSTS,SEASHELLS,10002.0,1
4605,-2,838000,,,AMETHYSTS,SEASHELLS,10002.0,1
4608,-2,838800,,,AMETHYSTS,SEASHELLS,9998.0,1
4609,-2,839500,,,AMETHYSTS,SEASHELLS,10004.0,1
4610,-2,840100,,,AMETHYSTS,SEASHELLS,10002.0,1
4611,-2,840300,,,AMETHYSTS,SEASHELLS,10002.0,1
4613,-2,841000,,,AMETHYSTS,SEASHELLS,9998.0,1
4614,-2,841700,,,AMETHYSTS,SEASHELLS,10002.0,1
4615,-2,841800,,,AMETHYSTS,SEASHELLS,9995.0,2
4618,-2,841900,,,AMETHYSTS,SEASHELLS,10005.0,1
4619,-2,842000,,,AMETHYSTS,SEASHELLS,9998.0,1
4621,-2,842300,,,AMETHYSTS,SEASHELLS,9995.0,2
4624,-2,842400,,,AMETHYSTS,SEASHELLS,10004.0,1
4625,-2,842600,,,AMETHYSTS,SEASHELLS,10002.0,2
4627,-2,842800,,,AMETHYSTS,SEASHELLS,10004.0,2
4628,-2,843100,,,AMETHYSTS,SEASHELLS,9998.0,3
4630,-2,843200,,,AMETHYSTS,SEASHELLS,9995.0,2
4635,-2,843700,,,AMETHYSTS,SEASHELLS,9995.0,2
4638,-2,844800,,,AMETHYSTS,SEASHELLS,10002.0,5
4640,-2,844900,,,AMETHYSTS,SEASHELLS,9998.0,1
4641,-2,845100,,,AMETHYSTS,SEASHELLS,10005.0,7
4642,-2,845300,,,AMETHYSTS,SEASHELLS,10002.0,1
4643,-2,845400,,,AMETHYSTS,SEASHELLS,10005.0,2
4649,-2,846600,,,AMETHYSTS,SEASHELLS,10002.0,3
4650,-2,846600,,,AMETHYSTS,SEASHELLS,10002.0,1
4653,-2,846700,,,AMETHYSTS,SEASHELLS,10004.0,6
4654,-2,846700,,,AMETHYSTS,SEASHELLS,10004.0,2
4655,-2,846800,,,AMETHYSTS,SEASHELLS,10002.0,5
4658,-2,847200,,,AMETHYSTS,SEASHELLS,10000.0,2
4661,-2,847300,,,AMETHYSTS,SEASHELLS,10004.0,2
4662,-2,847300,,,AMETHYSTS,SEASHELLS,10004.0,2
4664,-2,847600,,,AMETHYSTS,SEASHELLS,9998.0,7
4666,-2,847600,,,AMETHYSTS,SEASHELLS,9996.0,1
4667,-2,847900,,,AMETHYSTS,SEASHELLS,9998.0,1
4669,-2,848400,,,AMETHYSTS,SEASHELLS,9998.0,1
4670,-2,848800,,,AMETHYSTS,SEASHELLS,10002.0,1
4671,-2,848900,,,AMETHYSTS,SEASHELLS,9998.0,6
4672,-2,849300,,,AMETHYSTS,SEASHELLS,10002.0,1
4675,-2,849800,,,AMETHYSTS,SEASHELLS,10002.0,4
4677,-2,850000,,,AMETHYSTS,SEASHELLS,10005.0,1
4678,-2,850600,,,AMETHYSTS,SEASHELLS,9998.0,1
4683,-2,851600,,,AMETHYSTS,SEASHELLS,10004.0,2
4685,-2,851800,,,AMETHYSTS,SEASHELLS,10005.0,2
4687,-2,851900,,,AMETHYSTS,SEASHELLS,10005.0,2
4688,-2,852100,,,AMETHYSTS,SEASHELLS,9996.0,2
4690,-2,852300,,,AMETHYSTS,SEASHELLS,9996.0,6
4691,-2,852300,,,AMETHYSTS,SEASHELLS,9996.0,2
4692,-2,852400,,,AMETHYSTS,SEASHELLS,9998.0,2
4695,-2,852900,,,AMETHYSTS,SEASHELLS,10002.0,1
4701,-2,854200,,,AMETHYSTS,SEASHELLS,9998.0,1
4702,-2,854200,,,AMETHYSTS,SEASHELLS,9995.0,10
4703,-2,854200,,,AMETHYSTS,SEASHELLS,9998.0,4
4705,-2,854300,,,AMETHYSTS,SEASHELLS,10005.0,1
4708,-2,855200,,,AMETHYSTS,SEASHELLS,10002.0,2
4717,-2,856700,,,AMETHYSTS,SEASHELLS,10002.0,1
4718,-2,856700,,,AMETHYSTS,SEASHELLS,10002.0,1
4719,-2,856800,,,AMETHYSTS,SEASHELLS,10005.0,11
4722,-2,857200,,,AMETHYSTS,SEASHELLS,9996.0,1
4723,-2,857200,,,AMETHYSTS,SEASHELLS,9996.0,1
4726,-2,857800,,,AMETHYSTS,SEASHELLS,9996.0,1
4727,-2,857800,,,AMETHYSTS,SEASHELLS,9996.0,11
4730,-2,858300,,,AMETHYSTS,SEASHELLS,9998.0,3
4733,-2,858300,,,AMETHYSTS,SEASHELLS,9998.0,1
4735,-2,858400,,,AMETHYSTS,SEASHELLS,10002.0,1
4737,-2,858800,,,AMETHYSTS,SEASHELLS,9995.0,1
4740,-2,859500,,,AMETHYSTS,SEASHELLS,10002.0,6
4741,-2,859600,,,AMETHYSTS,SEASHELLS,10004.0,2
4742,-2,860200,,,AMETHYSTS,SEASHELLS,9998.0,3
4743,-2,860400,,,AMETHYSTS,SEASHELLS,9998.0,1
4744,-2,860500,,,AMETHYSTS,SEASHELLS,9998.0,1
4746,-2,860600,,,AMETHYSTS,SEASHELLS,9996.0,1
4749,-2,860800,,,AMETHYSTS,SEASHELLS,9998.0,6
4750,-2,860900,,,AMETHYSTS,SEASHELLS,10002.0,1
4752,-2,861500,,,AMETHYSTS,SEASHELLS,10004.0,1
4753,-2,861600,,,AMETHYSTS,SEASHELLS,10002.0,1
4754,-2,861600,,,AMETHYSTS,SEASHELLS,10002.0,3
4756,-2,861900,,,AMETHYSTS,SEASHELLS,10002.0,1
4757,-2,861900,,,AMETHYSTS,SEASHELLS,10005.0,12
4758,-2,862000,,,AMETHYSTS,SEASHELLS,10004.0,2
4765,-2,863000,,,AMETHYSTS,SEASHELLS,10002.0,1
4766,-2,863100,,,AMETHYSTS,SEASHELLS,10002.0,1
4767,-2,863300,,,AMETHYSTS,SEASHELLS,9998.0,1
4769,-2,863800,,,AMETHYSTS,SEASHELLS,10004.0,1
4776,-2,865900,,,AMETHYSTS,SEASHELLS,9998.0,1
4779,-2,866700,,,AMETHYSTS,SEASHELLS,9998.0,1
4780,-2,866900,,,AMETHYSTS,SEASHELLS,9998.0,1
4782,-2,867200,,,AMETHYSTS,SEASHELLS,10002.0,1
4783,-2,867500,,,AMETHYSTS,SEASHELLS,10002.0,1
4784,-2,867600,,,AMETHYSTS,SEASHELLS,9998.0,7
4785,-2,867700,,,AMETHYSTS,SEASHELLS,10002.0,1
4786,-2,868100,,,AMETHYSTS,SEASHELLS,10002.0,1
4790,-2,869100,,,AMETHYSTS,SEASHELLS,10002.0,1
4793,-2,869700,,,AMETHYSTS,SEASHELLS,9998.0,1
4794,-2,870500,,,AMETHYSTS,SEASHELLS,10002.0,1
4795,-2,870700,,,AMETHYSTS,SEASHELLS,10002.0,5
4796,-2,870700,,,AMETHYSTS,SEASHELLS,10002.0,3
4798,-2,870900,,,AMETHYSTS,SEASHELLS,9996.0,1
4800,-2,871100,,,AMETHYSTS,SEASHELLS,10002.0,3
4801,-2,871300,,,AMETHYSTS,SEASHELLS,9995.0,4
4802,-2,871500,,,AMETHYSTS,SEASHELLS,10005.0,6
4804,-2,871700,,,AMETHYSTS,SEASHELLS,9998.0,1
4805,-2,871800,,,AMETHYSTS,SEASHELLS,10002.0,1
4808,-2,872000,,,AMETHYSTS,SEASHELLS,9995.0,2
4810,-2,872100,,,AMETHYSTS,SEASHELLS,9996.0,1
4811,-2,872100,,,AMETHYSTS,SEASHELLS,9996.0,1
4812,-2,872300,,,AMETHYSTS,SEASHELLS,10002.0,1
4815,-2,873200,,,AMETHYSTS,SEASHELLS,10002.0,1
4816,-2,873500,,,AMETHYSTS,SEASHELLS,10002.0,1
4817,-2,873700,,,AMETHYSTS,SEASHELLS,9998.0,1
4818,-2,874000,,,AMETHYSTS,SEASHELLS,9998.0,3
4824,-2,875300,,,AMETHYSTS,SEASHELLS,10002.0,1
4826,-2,875700,,,AMETHYSTS,SEASHELLS,9998.0,1
4828,-2,875900,,,AMETHYSTS,SEASHELLS,10002.0,5
4830,-2,876400,,,AMETHYSTS,SEASHELLS,10002.0,1
