,day,timestamp,buyer,seller,symbol,currency,price,quantity
1,-2,0,,,STARFRUIT,SEASHELLS,5003.0,1
3,-2,100,,,STARFRUIT,SEASHELLS,5004.0,6
4,-2,900,,,STARFRUIT,SEASHELLS,5001.0,2
5,-2,1000,,,STARFRUIT,SEASHELLS,4997.0,2
6,-2,1100,,,STARFRUIT,SEASHELLS,4997.0,1
7,-2,1500,,,STARFRUIT,SEASHELLS,5003.0,1
9,-2,1800,,,STARFRUIT,SEASHELLS,5001.0,10
10,-2,1800,,,STARFRUIT,SEASHELLS,5001.0,1
11,-2,1800,,,STARFRUIT,SEASHELLS,5002.0,1
12,-2,2000,,,STARFRUIT,SEASHELLS,5002.0,1
13,-2,2100,,,STARFRUIT,SEASHELLS,5001.0,4
15,-2,2500,,,STARFRUIT,SEASHELLS,4996.0,11
17,-2,3200,,,STARFRUIT,SEASHELLS,4996.0,1
18,-2,3300,,,STARFRUIT,SEASHELLS,4997.0,2
21,-2,3900,,,STARFRUIT,SEASHELLS,5002.0,1
25,-2,4200,,,STARFRUIT,SEASHELLS,4998.0,1
26,-2,4400,,,STARFRUIT,SEASHELLS,5002.0,2
27,-2,4500,,,STARFRUIT,SEASHELLS,4997.0,8
28,-2,4500,,,STARFRUIT,SEASHELLS,4997.0,1
29,-2,5800,,,STARFRUIT,SEASHELLS,4999.0,7
30,-2,6500,,,STARFRUIT,SEASHELLS,5000.0,5
31,-2,6600,,,STARFRUIT,SEASHELLS,4999.0,1
33,-2,6700,,,STARFRUIT,SEASHELLS,4998.0,2
34,-2,6700,,,STARFRUIT,SEASHELLS,4999.0,4
35,-2,7100,,,STARFRUIT,SEASHELLS,4999.0,5
36,-2,7200,,,STARFRUIT,SEASHELLS,5005.0,4
37,-2,7300,,,STARFRUIT,SEASHELLS,4998.0,1
38,-2,7400,,,STARFRUIT,SEASHELLS,5005.0,1
40,-2,7400,,,STARFRUIT,SEASHELLS,5003.0,1
42,-2,7800,,,STARFRUIT,SEASHELLS,5002.0,1
43,-2,7800,,,STARFRUIT,SEASHELLS,5002.0,1
44,-2,8600,,,STARFRUIT,SEASHELLS,5004.0,1
46,-2,8700,,,STARFRUIT,SEASHELLS,5002.0,9
47,-2,8700,,,STARFRUIT,SEASHELLS,5004.0,2
49,-2,8800,,,STARFRUIT,SEASHELLS,5003.0,1
53,-2,10200,,,STARFRUIT,SEASHELLS,4996.0,1
56,-2,11100,,,STARFRUIT,SEASHELLS,5005.0,12
57,-2,11100,,,STARFRUIT,SEASHELLS,5005.0,2
58,-2,11300,,,STARFRUIT,SEASHELLS,4998.0,1
59,-2,11400,,,STARFRUIT,SEASHELLS,4997.0,1
60,-2,12000,,,STARFRUIT,SEASHELLS,4999.0,2
61,-2,12000,,,STARFRUIT,SEASHELLS,4999.0,2
62,-2,13000,,,STARFRUIT,SEASHELLS,5001.0,2
64,-2,13500,,,STARFRUIT,SEASHELLS,4998.0,1
66,-2,13900,,,STARFRUIT,SEASHELLS,4998.0,2
70,-2,14300,,,STARFRUIT,SEASHELLS,4998.0,1
71,-2,15000,,,STARFRUIT,SEASHELLS,4998.0,1
74,-2,16400,,,STARFRUIT,SEASHELLS,4998.0,6
75,-2,17000,,,STARFRUIT,SEASHELLS,5003.0,9
76,-2,17200,,,STARFRUIT,SEASHELLS,4996.0,1
78,-2,17400,,,STARFRUIT,SEASHELLS,5003.0,10
79,-2,18000,,,STARFRUIT,SEASHELLS,5002.0,4
80,-2,18100,,,STARFRUIT,SEASHELLS,4996.0,1
82,-2,18200,,,STARFRUIT,SEASHELLS,4996.0,8
85,-2,18300,,,STARFRUIT,SEASHELLS,5000.0,2
87,-2,18600,,,STARFRUIT,SEASHELLS,4996.0,1
88,-2,19200,,,STARFRUIT,SEASHELLS,4996.0,1
89,-2,19400,,,STARFRUIT,SEASHELLS,4996.0,1
94,-2,20300,,,STARFRUIT,SEASHELLS,5002.0,1
97,-2,20900,,,STARFRUIT,SEASHELLS,5002.0,1
100,-2,21300,,,STARFRUIT,SEASHELLS,5002.0,1
101,-2,21400,,,STARFRUIT,SEASHELLS,5001.0,1
102,-2,21800,,,STARFRUIT,SEASHELLS,5001.0,1
103,-2,22300,,,STARFRUIT,SEASHELLS,4997.0,1
105,-2,22900,,,STARFRUIT,SEASHELLS,4998.0,2
107,-2,23100,,,STARFRUIT,SEASHELLS,5001.0,1
111,-2,24000,,,STARFRUIT,SEASHELLS,5001.0,3
112,-2,24200,,,STARFRUIT,SEASHELLS,4996.0,5
114,-2,24500,,,STARFRUIT,SEASHELLS,5002.0,1
117,-2,24700,,,STARFRUIT,SEASHELLS,5001.0,6
118,-2,25100,,,STARFRUIT,SEASHELLS,5001.0,1
120,-2,25400,,,STARFRUIT,SEASHELLS,4995.0,7
121,-2,25600,,,STARFRUIT,SEASHELLS,4999.0,2
125,-2,26300,,,STARFRUIT,SEASHELLS,4994.0,1
126,-2,26400,,,STARFRUIT,SEASHELLS,4994.0,1
128,-2,26700,,,STARFRUIT,SEASHELLS,4998.0,1
130,-2,27000,,,STARFRUIT,SEASHELLS,4993.0,4
131,-2,27200,,,STARFRUIT,SEASHELLS,4991.0,1
132,-2,27300,,,STARFRUIT,SEASHELLS,4998.0,11
136,-2,28000,,,STARFRUIT,SEASHELLS,4999.0,1
138,-2,28300,,,STARFRUIT,SEASHELLS,4997.0,1
143,-2,29400,,,STARFRUIT,SEASHELLS,4998.0,2
146,-2,29900,,,STARFRUIT,SEASHELLS,4995.0,1
147,-2,30300,,,STARFRUIT,SEASHELLS,4996.0,1
148,-2,30400,,,STARFRUIT,SEASHELLS,4991.0,1
151,-2,30900,,,STARFRUIT,SEASHELLS,4992.0,1
153,-2,31000,,,STARFRUIT,SEASHELLS,4992.0,1
154,-2,31200,,,STARFRUIT,SEASHELLS,4992.0,1
155,-2,31300,,,STARFRUIT,SEASHELLS,4997.0,1
157,-2,31400,,,STARFRUIT,SEASHELLS,4999.0,4
160,-2,32100,,,STARFRUIT,SEASHELLS,4991.0,1
163,-2,32700,,,STARFRUIT,SEASHELLS,4996.0,1
164,-2,32800,,,STARFRUIT,SEASHELLS,4990.0,2
165,-2,32800,,,STARFRUIT,SEASHELLS,4991.0,2
168,-2,33200,,,STARFRUIT,SEASHELLS,4990.0,1
169,-2,33300,,,STARFRUIT,SEASHELLS,4995.0,1
170,-2,33300,,,STARFRUIT,SEASHELLS,4991.0,8
172,-2,33900,,,STARFRUIT,SEASHELLS,4995.0,1
173,-2,34000,,,STARFRUIT,SEASHELLS,4995.0,1
176,-2,35000,,,STARFRUIT,SEASHELLS,4993.0,4
177,-2,35300,,,STARFRUIT,SEASHELLS,4993.0,1
179,-2,35800,,,STARFRUIT,SEASHELLS,4993.0,1
180,-2,36200,,,STARFRUIT,SEASHELLS,4994.0,3
181,-2,36300,,,STARFRUIT,SEASHELLS,4999.0,1
184,-2,36800,,,STARFRUIT,SEASHELLS,4993.0,1
185,-2,37200,,,STARFRUIT,SEASHELLS,4998.0,10
188,-2,38000,,,STARFRUIT,SEASHELLS,4991.0,11
191,-2,38500,,,STARFRUIT,SEASHELLS,4996.0,1
192,-2,38800,,,STARFRUIT,SEASHELLS,4993.0,5
193,-2,38900,,,STARFRUIT,SEASHELLS,4991.0,2
196,-2,39300,,,STARFRUIT,SEASHELLS,4993.0,1
198,-2,39400,,,STARFRUIT,SEASHELLS,4993.0,1
199,-2,39500,,,STARFRUIT,SEASHELLS,4998.0,1
200,-2,39800,,,STARFRUIT,SEASHELLS,4993.0,4
201,-2,40100,,,STARFRUIT,SEASHELLS,4992.0,1
202,-2,40200,,,STARFRUIT,SEASHELLS,4997.0,5
203,-2,40300,,,STARFRUIT,SEASHELLS,4994.0,2
204,-2,40600,,,STARFRUIT,SEASHELLS,4992.0,1
205,-2,40700,,,STARFRUIT,SEASHELLS,4996.0,3
206,-2,40900,,,STARFRUIT,SEASHELLS,4992.0,3
207,-2,41100,,,STARFRUIT,SEASHELLS,4991.0,1
208,-2,41100,,,STARFRUIT,SEASHELLS,4995.0,9
212,-2,41600,,,STARFRUIT,SEASHELLS,4990.0,1
214,-2,42900,,,STARFRUIT,SEASHELLS,4993.0,1
215,-2,43100,,,STARFRUIT,SEASHELLS,4994.0,2
216,-2,43100,,,STARFRUIT,SEASHELLS,4989.0,14
219,-2,43500,,,STARFRUIT,SEASHELLS,4990.0,1
221,-2,43900,,,STARFRUIT,SEASHELLS,4990.0,1
222,-2,43900,,,STARFRUIT,SEASHELLS,4997.0,2
225,-2,44700,,,STARFRUIT,SEASHELLS,4995.0,1
227,-2,45100,,,STARFRUIT,SEASHELLS,4988.0,1
233,-2,46300,,,STARFRUIT,SEASHELLS,4987.0,1
235,-2,46800,,,STARFRUIT,SEASHELLS,4987.0,1
236,-2,46800,,,STARFRUIT,SEASHELLS,4986.0,2
237,-2,47200,,,STARFRUIT,SEASHELLS,4992.0,1
238,-2,47300,,,STARFRUIT,SEASHELLS,4988.0,2
239,-2,47700,,,STARFRUIT,SEASHELLS,4988.0,1
240,-2,48300,,,STARFRUIT,SEASHELLS,4988.0,1
243,-2,48600,,,STARFRUIT,SEASHELLS,4989.0,1
244,-2,48600,,,STARFRUIT,SEASHELLS,4994.0,1
245,-2,48900,,,STARFRUIT,SEASHELLS,4988.0,1
246,-2,49300,,,STARFRUIT,SEASHELLS,4994.0,1
248,-2,49700,,,STARFRUIT,SEASHELLS,4988.0,2
250,-2,49900,,,STARFRUIT,SEASHELLS,4986.0,1
251,-2,50000,,,STARFRUIT,SEASHELLS,4986.0,5
252,-2,50200,,,STARFRUIT,SEASHELLS,4986.0,1
254,-2,50300,,,STARFRUIT,SEASHELLS,4986.0,1
256,-2,50400,,,STARFRUIT,SEASHELLS,4986.0,2
259,-2,51000,,,STARFRUIT,SEASHELLS,4986.0,1
260,-2,51300,,,STARFRUIT,SEASHELLS,4990.0,1
262,-2,51600,,,STARFRUIT,SEASHELLS,4990.0,1
265,-2,52200,,,STARFRUIT,SEASHELLS,4985.0,1
266,-2,52300,,,STARFRUIT,SEASHELLS,4985.0,1
272,-2,53600,,,STARFRUIT,SEASHELLS,4985.0,1
273,-2,53700,,,STARFRUIT,SEASHELLS,4992.0,2
276,-2,54300,,,STARFRUIT,SEASHELLS,4986.0,11
280,-2,54600,,,STARFRUIT,SEASHELLS,4986.0,1
281,-2,54700,,,STARFRUIT,SEASHELLS,4990.0,1
283,-2,55200,,,STARFRUIT,SEASHELLS,4989.0,1
284,-2,56100,,,STARFRUIT,SEASHELLS,4990.0,14
285,-2,56100,,,STARFRUIT,SEASHELLS,4990.0,1
287,-2,56300,,,STARFRUIT,SEASHELLS,4983.0,1
288,-2,56500,,,STARFRUIT,SEASHELLS,4982.0,1
292,-2,57000,,,STARFRUIT,SEASHELLS,4989.0,1
294,-2,57100,,,STARFRUIT,SEASHELLS,4985.0,3
295,-2,57200,,,STARFRUIT,SEASHELLS,4985.0,4
298,-2,57400,,,STARFRUIT,SEASHELLS,4990.0,1
300,-2,57700,,,STARFRUIT,SEASHELLS,4985.0,2
301,-2,57800,,,STARFRUIT,SEASHELLS,4984.0,1
302,-2,58300,,,STARFRUIT,SEASHELLS,4988.0,1
305,-2,58800,,,STARFRUIT,SEASHELLS,4982.0,5
306,-2,58800,,,STARFRUIT,SEASHELLS,4983.0,1
307,-2,59000,,,STARFRUIT,SEASHELLS,4991.0,10
310,-2,59800,,,STARFRUIT,SEASHELLS,4985.0,5
311,-2,59900,,,STARFRUIT,SEASHELLS,4983.0,1
312,-2,60000,,,STARFRUIT,SEASHELLS,4987.0,1
315,-2,60200,,,STARFRUIT,SEASHELLS,4983.0,1
316,-2,60200,,,STARFRUIT,SEASHELLS,4983.0,1
320,-2,60500,,,STARFRUIT,SEASHELLS,4985.0,3
322,-2,60600,,,STARFRUIT,SEASHELLS,4984.0,1
323,-2,61100,,,STARFRUIT,SEASHELLS,4990.0,2
325,-2,61100,,,STARFRUIT,SEASHELLS,4987.0,5
327,-2,61300,,,STARFRUIT,SEASHELLS,4987.0,1
329,-2,62300,,,STARFRUIT,SEASHELLS,4987.0,1
330,-2,62600,,,STARFRUIT,SEASHELLS,4984.0,1
331,-2,62900,,,STARFRUIT,SEASHELLS,4989.0,6
332,-2,62900,,,STARFRUIT,SEASHELLS,4989.0,1
333,-2,63000,,,STARFRUIT,SEASHELLS,4986.0,6
334,-2,63000,,,STARFRUIT,SEASHELLS,4984.0,1
335,-2,63000,,,STARFRUIT,SEASHELLS,4984.0,9
337,-2,63200,,,STARFRUIT,SEASHELLS,4984.0,1
338,-2,63300,,,STARFRUIT,SEASHELLS,4991.0,2
342,-2,63800,,,STARFRUIT,SEASHELLS,4983.0,1
344,-2,64200,,,STARFRUIT,SEASHELLS,4982.0,2
345,-2,64500,,,STARFRUIT,SEASHELLS,4989.0,2
348,-2,64600,,,STARFRUIT,SEASHELLS,4988.0,1
352,-2,65400,,,STARFRUIT,SEASHELLS,4983.0,1
355,-2,65600,,,STARFRUIT,SEASHELLS,4983.0,1
357,-2,65800,,,STARFRUIT,SEASHELLS,4983.0,1
360,-2,66200,,,STARFRUIT,SEASHELLS,4983.0,8
362,-2,67000,,,STARFRUIT,SEASHELLS,4984.0,1
363,-2,67200,,,STARFRUIT,SEASHELLS,4989.0,1
365,-2,67400,,,STARFRUIT,SEASHELLS,4983.0,2
366,-2,67700,,,STARFRUIT,SEASHELLS,4988.0,4
367,-2,67900,,,STARFRUIT,SEASHELLS,4984.0,2
369,-2,68000,,,STARFRUIT,SEASHELLS,4984.0,1
373,-2,68200,,,STARFRUIT,SEASHELLS,4989.0,1
375,-2,68600,,,STARFRUIT,SEASHELLS,4985.0,1
377,-2,68900,,,STARFRUIT,SEASHELLS,4990.0,1
378,-2,69000,,,STARFRUIT,SEASHELLS,4984.0,9
379,-2,69300,,,STARFRUIT,SEASHELLS,4992.0,2
381,-2,69400,,,STARFRUIT,SEASHELLS,4991.0,1
382,-2,69600,,,STARFRUIT,SEASHELLS,4986.0,1
383,-2,69600,,,STARFRUIT,SEASHELLS,4986.0,8
384,-2,70400,,,STARFRUIT,SEASHELLS,4985.0,0
385,-2,70400,,,STARFRUIT,SEASHELLS,4985.0,1
386,-2,70400,,,STARFRUIT,SEASHELLS,4985.0,7
387,-2,70400,,,STARFRUIT,SEASHELLS,4985.0,1
388,-2,71400,,,STARFRUIT,SEASHELLS,4984.0,1
390,-2,72100,,,STARFRUIT,SEASHELLS,4988.0,9
391,-2,72600,,,STARFRUIT,SEASHELLS,4990.0,1
392,-2,73900,,,STARFRUIT,SEASHELLS,4982.0,1
394,-2,74400,,,STARFRUIT,SEASHELLS,4987.0,1
397,-2,75000,,,STARFRUIT,SEASHELLS,4981.0,9
398,-2,75000,,,STARFRUIT,SEASHELLS,4981.0,10
400,-2,75200,,,STARFRUIT,SEASHELLS,4982.0,1
401,-2,75500,,,STARFRUIT,SEASHELLS,4983.0,1
403,-2,76400,,,STARFRUIT,SEASHELLS,4984.0,1
404,-2,76400,,,STARFRUIT,SEASHELLS,4987.0,3
405,-2,77400,,,STARFRUIT,SEASHELLS,4987.0,6
407,-2,77800,,,STARFRUIT,SEASHELLS,4985.0,4
408,-2,77800,,,STARFRUIT,SEASHELLS,4985.0,1
410,-2,78100,,,STARFRUIT,SEASHELLS,4989.0,1
412,-2,78300,,,STARFRUIT,SEASHELLS,4985.0,2
413,-2,78800,,,STARFRUIT,SEASHELLS,4984.0,1
415,-2,79000,,,STARFRUIT,SEASHELLS,4989.0,1
418,-2,79800,,,STARFRUIT,SEASHELLS,4983.0,4
419,-2,80100,,,STARFRUIT,SEASHELLS,4986.0,1
421,-2,80500,,,STARFRUIT,SEASHELLS,4981.0,1
424,-2,81300,,,STARFRUIT,SEASHELLS,4986.0,1
426,-2,81800,,,STARFRUIT,SEASHELLS,4981.0,1
428,-2,81900,,,STARFRUIT,SEASHELLS,4984.0,4
429,-2,82100,,,STARFRUIT,SEASHELLS,4981.0,1
431,-2,82400,,,STARFRUIT,SEASHELLS,4983.0,4
432,-2,82600,,,STARFRUIT,SEASHELLS,4981.0,1
435,-2,83200,,,STARFRUIT,SEASHELLS,4982.0,2
436,-2,83300,,,STARFRUIT,SEASHELLS,4982.0,15
437,-2,83400,,,STARFRUIT,SEASHELLS,4987.0,3
439,-2,84000,,,STARFRUIT,SEASHELLS,4987.0,4
440,-2,84200,,,STARFRUIT,SEASHELLS,4987.0,1
441,-2,84600,,,STARFRUIT,SEASHELLS,4989.0,2
443,-2,84700,,,STARFRUIT,SEASHELLS,4988.0,1
444,-2,84800,,,STARFRUIT,SEASHELLS,4989.0,1
448,-2,85700,,,STARFRUIT,SEASHELLS,4982.0,2
450,-2,85900,,,STARFRUIT,SEASHELLS,4983.0,1
451,-2,86000,,,STARFRUIT,SEASHELLS,4989.0,1
453,-2,86000,,,STARFRUIT,SEASHELLS,4983.0,1
454,-2,86300,,,STARFRUIT,SEASHELLS,4983.0,1
457,-2,87200,,,STARFRUIT,SEASHELLS,4983.0,1
459,-2,87900,,,STARFRUIT,SEASHELLS,4987.0,10
462,-2,88500,,,STARFRUIT,SEASHELLS,4985.0,10
464,-2,88600,,,STARFRUIT,SEASHELLS,4986.0,4
465,-2,88800,,,STARFRUIT,SEASHELLS,4987.0,4
466,-2,88800,,,STARFRUIT,SEASHELLS,4986.0,5
467,-2,88900,,,STARFRUIT,SEASHELLS,4989.0,1
468,-2,89100,,,STARFRUIT,SEASHELLS,4985.0,1
469,-2,89100,,,STARFRUIT,SEASHELLS,4985.0,2
470,-2,89400,,,STARFRUIT,SEASHELLS,4990.0,1
471,-2,89400,,,STARFRUIT,SEASHELLS,4989.0,3
472,-2,90000,,,STARFRUIT,SEASHELLS,4984.0,1
474,-2,90100,,,STARFRUIT,SEASHELLS,4990.0,1
475,-2,90200,,,STARFRUIT,SEASHELLS,4982.0,4
477,-2,90800,,,STARFRUIT,SEASHELLS,4987.0,3
479,-2,91000,,,STARFRUIT,SEASHELLS,4985.0,1
481,-2,91500,,,STARFRUIT,SEASHELLS,4990.0,1
483,-2,91900,,,STARFRUIT,SEASHELLS,4986.0,1
484,-2,92300,,,STARFRUIT,SEASHELLS,4987.0,1
486,-2,92400,,,STARFRUIT,SEASHELLS,4991.0,2
487,-2,92500,,,STARFRUIT,SEASHELLS,4986.0,1
490,-2,93100,,,STARFRUIT,SEASHELLS,4990.0,2
491,-2,93100,,,STARFRUIT,SEASHELLS,4990.0,2
493,-2,93300,,,STARFRUIT,SEASHELLS,4986.0,1
497,-2,94300,,,STARFRUIT,SEASHELLS,4985.0,1
501,-2,95100,,,STARFRUIT,SEASHELLS,4985.0,2
504,-2,95300,,,STARFRUIT,SEASHELLS,4987.0,1
505,-2,95600,,,STARFRUIT,SEASHELLS,4991.0,1
506,-2,95800,,,STARFRUIT,SEASHELLS,4986.0,1
508,-2,95900,,,STARFRUIT,SEASHELLS,4991.0,1
510,-2,96100,,,STARFRUIT,SEASHELLS,4986.0,1
512,-2,96200,,,STARFRUIT,SEASHELLS,4986.0,1
513,-2,96400,,,STARFRUIT,SEASHELLS,4986.0,9
515,-2,96500,,,STARFRUIT,SEASHELLS,4993.0,6
516,-2,96800,,,STARFRUIT,SEASHELLS,4991.0,1
518,-2,97000,,,STARFRUIT,SEASHELLS,4987.0,2
520,-2,97300,,,STARFRUIT,SEASHELLS,4993.0,1
525,-2,98100,,,STARFRUIT,SEASHELLS,4993.0,1
527,-2,98200,,,STARFRUIT,SEASHELLS,4989.0,1
529,-2,98300,,,STARFRUIT,SEASHELLS,4989.0,4
530,-2,98400,,,STARFRUIT,SEASHELLS,4988.0,1
531,-2,98500,,,STARFRUIT,SEASHELLS,4992.0,3
532,-2,98700,,,STARFRUIT,SEASHELLS,4994.0,6
533,-2,98800,,,STARFRUIT,SEASHELLS,4988.0,1
534,-2,98800,,,STARFRUIT,SEASHELLS,4994.0,5
537,-2,99300,,,STARFRUIT,SEASHELLS,4990.0,2
538,-2,99400,,,STARFRUIT,SEASHELLS,4995.0,8
539,-2,100000,,,STARFRUIT,SEASHELLS,4987.0,14
541,-2,100100,,,STARFRUIT,SEASHELLS,4987.0,1
543,-2,101400,,,STARFRUIT,SEASHELLS,4987.0,2
544,-2,102200,,,STARFRUIT,SEASHELLS,4991.0,2
548,-2,102500,,,STARFRUIT,SEASHELLS,4990.0,1
551,-2,103100,,,STARFRUIT,SEASHELLS,4984.0,2
553,-2,103300,,,STARFRUIT,SEASHELLS,4988.0,2
554,-2,103600,,,STARFRUIT,SEASHELLS,4990.0,1
556,-2,104100,,,STARFRUIT,SEASHELLS,4983.0,7
560,-2,104400,,,STARFRUIT,SEASHELLS,4989.0,3
562,-2,104400,,,STARFRUIT,SEASHELLS,4989.0,2
565,-2,104700,,,STARFRUIT,SEASHELLS,4985.0,1
566,-2,104800,,,STARFRUIT,SEASHELLS,4985.0,1
568,-2,105200,,,STARFRUIT,SEASHELLS,4986.0,1
570,-2,106100,,,STARFRUIT,SEASHELLS,4991.0,8
571,-2,106800,,,STARFRUIT,SEASHELLS,4990.0,2
573,-2,106900,,,STARFRUIT,SEASHELLS,4984.0,10
575,-2,107500,,,STARFRUIT,SEASHELLS,4990.0,2
578,-2,107700,,,STARFRUIT,SEASHELLS,4990.0,2
581,-2,108100,,,STARFRUIT,SEASHELLS,4983.0,4
583,-2,108400,,,STARFRUIT,SEASHELLS,4987.0,1
585,-2,108600,,,STARFRUIT,SEASHELLS,4984.0,2
587,-2,108800,,,STARFRUIT,SEASHELLS,4983.0,1
589,-2,108900,,,STARFRUIT,SEASHELLS,4989.0,1
591,-2,109400,,,STARFRUIT,SEASHELLS,4988.0,1
592,-2,109600,,,STARFRUIT,SEASHELLS,4990.0,12
594,-2,109900,,,STARFRUIT,SEASHELLS,4988.0,1
595,-2,110300,,,STARFRUIT,SEASHELLS,4983.0,8
596,-2,111300,,,STARFRUIT,SEASHELLS,4986.0,1
599,-2,111600,,,STARFRUIT,SEASHELLS,4984.0,1
602,-2,112300,,,STARFRUIT,SEASHELLS,4981.0,1
603,-2,112400,,,STARFRUIT,SEASHELLS,4986.0,1
605,-2,112500,,,STARFRUIT,SEASHELLS,4981.0,1
606,-2,113100,,,STARFRUIT,SEASHELLS,4985.0,1
607,-2,113200,,,STARFRUIT,SEASHELLS,4980.0,1
608,-2,113400,,,STARFRUIT,SEASHELLS,4984.0,2
610,-2,113700,,,STARFRUIT,SEASHELLS,4984.0,1
612,-2,113800,,,STARFRUIT,SEASHELLS,4979.0,1
613,-2,113900,,,STARFRUIT,SEASHELLS,4979.0,1
614,-2,114300,,,STARFRUIT,SEASHELLS,4979.0,1
617,-2,115000,,,STARFRUIT,SEASHELLS,4980.0,1
618,-2,115200,,,STARFRUIT,SEASHELLS,4980.0,1
619,-2,115300,,,STARFRUIT,SEASHELLS,4986.0,1
620,-2,115600,,,STARFRUIT,SEASHELLS,4981.0,3
623,-2,115800,,,STARFRUIT,SEASHELLS,4984.0,1
624,-2,116600,,,STARFRUIT,SEASHELLS,4981.0,3
625,-2,116700,,,STARFRUIT,SEASHELLS,4983.0,1
626,-2,116900,,,STARFRUIT,SEASHELLS,4981.0,5
627,-2,117700,,,STARFRUIT,SEASHELLS,4984.0,1
629,-2,118000,,,STARFRUIT,SEASHELLS,4977.0,1
630,-2,118300,,,STARFRUIT,SEASHELLS,4980.0,2
631,-2,118600,,,STARFRUIT,SEASHELLS,4975.0,1
632,-2,119000,,,STARFRUIT,SEASHELLS,4980.0,1
634,-2,119300,,,STARFRUIT,SEASHELLS,4981.0,1
635,-2,119500,,,STARFRUIT,SEASHELLS,4974.0,1
636,-2,119700,,,STARFRUIT,SEASHELLS,4974.0,1
638,-2,120200,,,STARFRUIT,SEASHELLS,4973.0,1
640,-2,120700,,,STARFRUIT,SEASHELLS,4973.0,1
641,-2,120800,,,STARFRUIT,SEASHELLS,4978.0,1
644,-2,121300,,,STARFRUIT,SEASHELLS,4981.0,9
646,-2,122000,,,STARFRUIT,SEASHELLS,4975.0,9
649,-2,122700,,,STARFRUIT,SEASHELLS,4973.0,1
651,-2,123000,,,STARFRUIT,SEASHELLS,4973.0,1
652,-2,123100,,,STARFRUIT,SEASHELLS,4973.0,1
653,-2,123200,,,STARFRUIT,SEASHELLS,4978.0,1
654,-2,123300,,,STARFRUIT,SEASHELLS,4978.0,9
655,-2,124000,,,STARFRUIT,SEASHELLS,4977.0,1
660,-2,124900,,,STARFRUIT,SEASHELLS,4976.0,2
661,-2,125100,,,STARFRUIT,SEASHELLS,4970.0,1
663,-2,125200,,,STARFRUIT,SEASHELLS,4974.0,1
666,-2,125300,,,STARFRUIT,SEASHELLS,4976.0,2
667,-2,125400,,,STARFRUIT,SEASHELLS,4969.0,2
674,-2,127300,,,STARFRUIT,SEASHELLS,4970.0,6
675,-2,127300,,,STARFRUIT,SEASHELLS,4970.0,1
677,-2,127600,,,STARFRUIT,SEASHELLS,4969.0,1
680,-2,128900,,,STARFRUIT,SEASHELLS,4974.0,3
682,-2,129200,,,STARFRUIT,SEASHELLS,4969.0,2
683,-2,129600,,,STARFRUIT,SEASHELLS,4975.0,1
684,-2,129700,,,STARFRUIT,SEASHELLS,4970.0,1
686,-2,129800,,,STARFRUIT,SEASHELLS,4970.0,1
689,-2,130200,,,STARFRUIT,SEASHELLS,4970.0,1
691,-2,130300,,,STARFRUIT,SEASHELLS,4970.0,1
692,-2,130400,,,STARFRUIT,SEASHELLS,4969.0,1
693,-2,130500,,,STARFRUIT,SEASHELLS,4976.0,12
698,-2,132000,,,STARFRUIT,SEASHELLS,4975.0,1
702,-2,132300,,,STARFRUIT,SEASHELLS,4971.0,1
705,-2,132700,,,STARFRUIT,SEASHELLS,4968.0,3
706,-2,133400,,,STARFRUIT,SEASHELLS,4975.0,1
708,-2,133700,,,STARFRUIT,SEASHELLS,4974.0,1
710,-2,134100,,,STARFRUIT,SEASHELLS,4973.0,1
711,-2,134100,,,STARFRUIT,SEASHELLS,4973.0,9
712,-2,134200,,,STARFRUIT,SEASHELLS,4969.0,2
713,-2,134700,,,STARFRUIT,SEASHELLS,4974.0,1
717,-2,135200,,,STARFRUIT,SEASHELLS,4967.0,15
718,-2,135600,,,STARFRUIT,SEASHELLS,4967.0,1
719,-2,136500,,,STARFRUIT,SEASHELLS,4968.0,1
720,-2,136500,,,STARFRUIT,SEASHELLS,4975.0,2
723,-2,136900,,,STARFRUIT,SEASHELLS,4968.0,1
724,-2,137000,,,STARFRUIT,SEASHELLS,4974.0,9
729,-2,140400,,,STARFRUIT,SEASHELLS,4971.0,1
731,-2,140800,,,STARFRUIT,SEASHELLS,4966.0,1
732,-2,140900,,,STARFRUIT,SEASHELLS,4965.0,1
734,-2,141200,,,STARFRUIT,SEASHELLS,4964.0,11
735,-2,141400,,,STARFRUIT,SEASHELLS,4969.0,1
736,-2,141600,,,STARFRUIT,SEASHELLS,4969.0,1
737,-2,141700,,,STARFRUIT,SEASHELLS,4968.0,10
739,-2,142000,,,STARFRUIT,SEASHELLS,4964.0,11
740,-2,142400,,,STARFRUIT,SEASHELLS,4970.0,1
742,-2,142800,,,STARFRUIT,SEASHELLS,4970.0,13
743,-2,142800,,,STARFRUIT,SEASHELLS,4968.0,1
744,-2,142800,,,STARFRUIT,SEASHELLS,4967.0,4
745,-2,143100,,,STARFRUIT,SEASHELLS,4963.0,2
747,-2,143200,,,STARFRUIT,SEASHELLS,4963.0,1
750,-2,143800,,,STARFRUIT,SEASHELLS,4964.0,1
753,-2,144200,,,STARFRUIT,SEASHELLS,4969.0,2
756,-2,144800,,,STARFRUIT,SEASHELLS,4968.0,1
759,-2,145800,,,STARFRUIT,SEASHELLS,4967.0,1
760,-2,145900,,,STARFRUIT,SEASHELLS,4969.0,1
761,-2,145900,,,STARFRUIT,SEASHELLS,4968.0,1
763,-2,146000,,,STARFRUIT,SEASHELLS,4967.0,1
764,-2,146200,,,STARFRUIT,SEASHELLS,4962.0,10
766,-2,146300,,,STARFRUIT,SEASHELLS,4970.0,2
768,-2,146900,,,STARFRUIT,SEASHELLS,4964.0,3
769,-2,146900,,,STARFRUIT,SEASHELLS,4963.0,1
772,-2,147000,,,STARFRUIT,SEASHELLS,4969.0,8
773,-2,147100,,,STARFRUIT,SEASHELLS,4964.0,4
774,-2,147300,,,STARFRUIT,SEASHELLS,4963.0,1
775,-2,147400,,,STARFRUIT,SEASHELLS,4962.0,1
778,-2,147800,,,STARFRUIT,SEASHELLS,4967.0,1
781,-2,148000,,,STARFRUIT,SEASHELLS,4964.0,1
782,-2,148100,,,STARFRUIT,SEASHELLS,4963.0,3
784,-2,148200,,,STARFRUIT,SEASHELLS,4967.0,1
785,-2,148300,,,STARFRUIT,SEASHELLS,4962.0,10
786,-2,148500,,,STARFRUIT,SEASHELLS,4966.0,1
787,-2,148700,,,STARFRUIT,SEASHELLS,4961.0,1
788,-2,148800,,,STARFRUIT,SEASHELLS,4961.0,9
789,-2,149400,,,STARFRUIT,SEASHELLS,4963.0,3
790,-2,150000,,,STARFRUIT,SEASHELLS,4964.0,1
791,-2,150000,,,STARFRUIT,SEASHELLS,4964.0,1
792,-2,150100,,,STARFRUIT,SEASHELLS,4964.0,1
794,-2,150200,,,STARFRUIT,SEASHELLS,4965.0,1
795,-2,150300,,,STARFRUIT,SEASHELLS,4959.0,1
797,-2,151400,,,STARFRUIT,SEASHELLS,4960.0,1
799,-2,151900,,,STARFRUIT,SEASHELLS,4960.0,1
802,-2,152100,,,STARFRUIT,SEASHELLS,4966.0,2
803,-2,152300,,,STARFRUIT,SEASHELLS,4959.0,1
804,-2,152800,,,STARFRUIT,SEASHELLS,4965.0,3
806,-2,153400,,,STARFRUIT,SEASHELLS,4963.0,2
807,-2,153500,,,STARFRUIT,SEASHELLS,4967.0,1
809,-2,153600,,,STARFRUIT,SEASHELLS,4961.0,1
811,-2,153900,,,STARFRUIT,SEASHELLS,4961.0,1
812,-2,154000,,,STARFRUIT,SEASHELLS,4963.0,10
816,-2,154700,,,STARFRUIT,SEASHELLS,4967.0,7
817,-2,154700,,,STARFRUIT,SEASHELLS,4962.0,1
818,-2,154800,,,STARFRUIT,SEASHELLS,4962.0,1
820,-2,155600,,,STARFRUIT,SEASHELLS,4969.0,1
823,-2,156200,,,STARFRUIT,SEASHELLS,4964.0,5
824,-2,156400,,,STARFRUIT,SEASHELLS,4969.0,7
827,-2,156700,,,STARFRUIT,SEASHELLS,4969.0,2
828,-2,157000,,,STARFRUIT,SEASHELLS,4969.0,2
829,-2,157000,,,STARFRUIT,SEASHELLS,4969.0,9
831,-2,157400,,,STARFRUIT,SEASHELLS,4964.0,1
832,-2,157700,,,STARFRUIT,SEASHELLS,4972.0,1
834,-2,157900,,,STARFRUIT,SEASHELLS,4966.0,2
837,-2,158000,,,STARFRUIT,SEASHELLS,4965.0,1
840,-2,158300,,,STARFRUIT,SEASHELLS,4965.0,1
841,-2,158500,,,STARFRUIT,SEASHELLS,4965.0,1
843,-2,159200,,,STARFRUIT,SEASHELLS,4964.0,2
845,-2,159400,,,STARFRUIT,SEASHELLS,4965.0,8
846,-2,159500,,,STARFRUIT,SEASHELLS,4964.0,1
848,-2,159900,,,STARFRUIT,SEASHELLS,4964.0,2
849,-2,160200,,,STARFRUIT,SEASHELLS,4964.0,1
850,-2,160300,,,STARFRUIT,SEASHELLS,4969.0,1
851,-2,160400,,,STARFRUIT,SEASHELLS,4963.0,1
852,-2,160700,,,STARFRUIT,SEASHELLS,4963.0,1
853,-2,160800,,,STARFRUIT,SEASHELLS,4969.0,13
854,-2,161200,,,STARFRUIT,SEASHELLS,4964.0,3
855,-2,161400,,,STARFRUIT,SEASHELLS,4969.0,13
856,-2,161800,,,STARFRUIT,SEASHELLS,4962.0,1
858,-2,162000,,,STARFRUIT,SEASHELLS,4968.0,2
860,-2,162300,,,STARFRUIT,SEASHELLS,4962.0,2
861,-2,162400,,,STARFRUIT,SEASHELLS,4962.0,1
863,-2,162700,,,STARFRUIT,SEASHELLS,4962.0,1
865,-2,162800,,,STARFRUIT,SEASHELLS,4961.0,2
866,-2,163100,,,STARFRUIT,SEASHELLS,4967.0,1
867,-2,163300,,,STARFRUIT,SEASHELLS,4969.0,1
868,-2,163600,,,STARFRUIT,SEASHELLS,4966.0,2
869,-2,163700,,,STARFRUIT,SEASHELLS,4963.0,4
875,-2,164900,,,STARFRUIT,SEASHELLS,4964.0,3
879,-2,165500,,,STARFRUIT,SEASHELLS,4968.0,1
880,-2,165700,,,STARFRUIT,SEASHELLS,4968.0,1
884,-2,166600,,,STARFRUIT,SEASHELLS,4964.0,3
886,-2,166700,,,STARFRUIT,SEASHELLS,4963.0,1
887,-2,167300,,,STARFRUIT,SEASHELLS,4968.0,2
891,-2,168200,,,STARFRUIT,SEASHELLS,4960.0,1
893,-2,169200,,,STARFRUIT,SEASHELLS,4959.0,1
895,-2,169300,,,STARFRUIT,SEASHELLS,4962.0,3
896,-2,169500,,,STARFRUIT,SEASHELLS,4966.0,12
897,-2,169600,,,STARFRUIT,SEASHELLS,4966.0,1
898,-2,170000,,,STARFRUIT,SEASHELLS,4965.0,2
899,-2,170000,,,STARFRUIT,SEASHELLS,4964.0,1
901,-2,170200,,,STARFRUIT,SEASHELLS,4967.0,1
903,-2,170400,,,STARFRUIT,SEASHELLS,4967.0,12
906,-2,171700,,,STARFRUIT,SEASHELLS,4964.0,1
907,-2,172000,,,STARFRUIT,SEASHELLS,4959.0,13
914,-2,173600,,,STARFRUIT,SEASHELLS,4965.0,1
917,-2,174100,,,STARFRUIT,SEASHELLS,4963.0,1
918,-2,174400,,,STARFRUIT,SEASHELLS,4960.0,3
919,-2,174700,,,STARFRUIT,SEASHELLS,4961.0,2
921,-2,174900,,,STARFRUIT,SEASHELLS,4962.0,1
922,-2,175200,,,STARFRUIT,SEASHELLS,4963.0,1
923,-2,175200,,,STARFRUIT,SEASHELLS,4958.0,2
927,-2,175500,,,STARFRUIT,SEASHELLS,4964.0,1
928,-2,175600,,,STARFRUIT,SEASHELLS,4963.0,1
929,-2,176000,,,STARFRUIT,SEASHELLS,4958.0,1
932,-2,176500,,,STARFRUIT,SEASHELLS,4963.0,1
933,-2,176900,,,STARFRUIT,SEASHELLS,4959.0,2
935,-2,177200,,,STARFRUIT,SEASHELLS,4958.0,1
936,-2,177200,,,STARFRUIT,SEASHELLS,4958.0,7
937,-2,177300,,,STARFRUIT,SEASHELLS,4959.0,2
939,-2,178200,,,STARFRUIT,SEASHELLS,4962.0,1
940,-2,178500,,,STARFRUIT,SEASHELLS,4956.0,13
941,-2,178700,,,STARFRUIT,SEASHELLS,4957.0,7
942,-2,178800,,,STARFRUIT,SEASHELLS,4958.0,4
944,-2,179600,,,STARFRUIT,SEASHELLS,4959.0,7
945,-2,180000,,,STARFRUIT,SEASHELLS,4957.0,1
946,-2,180500,,,STARFRUIT,SEASHELLS,4956.0,1
950,-2,181400,,,STARFRUIT,SEASHELLS,4957.0,1
951,-2,181500,,,STARFRUIT,SEASHELLS,4957.0,2
954,-2,181800,,,STARFRUIT,SEASHELLS,4961.0,2
960,-2,183100,,,STARFRUIT,SEASHELLS,4957.0,1
962,-2,183400,,,STARFRUIT,SEASHELLS,4957.0,1
964,-2,184200,,,STARFRUIT,SEASHELLS,4955.0,1
965,-2,184400,,,STARFRUIT,SEASHELLS,4961.0,9
968,-2,185000,,,STARFRUIT,SEASHELLS,4955.0,1
969,-2,185500,,,STARFRUIT,SEASHELLS,4956.0,7
970,-2,185500,,,STARFRUIT,SEASHELLS,4956.0,7
972,-2,186000,,,STARFRUIT,SEASHELLS,4955.0,1
974,-2,186500,,,STARFRUIT,SEASHELLS,4955.0,1
975,-2,186800,,,STARFRUIT,SEASHELLS,4955.0,1
981,-2,187300,,,STARFRUIT,SEASHELLS,4959.0,1
983,-2,187400,,,STARFRUIT,SEASHELLS,4961.0,13
984,-2,187500,,,STARFRUIT,SEASHELLS,4955.0,1
985,-2,187600,,,STARFRUIT,SEASHELLS,4961.0,15
986,-2,187700,,,STARFRUIT,SEASHELLS,4960.0,1
987,-2,188400,,,STARFRUIT,SEASHELLS,4954.0,1
988,-2,188700,,,STARFRUIT,SEASHELLS,4958.0,1
990,-2,188900,,,STARFRUIT,SEASHELLS,4958.0,1
992,-2,189300,,,STARFRUIT,SEASHELLS,4954.0,1
993,-2,189500,,,STARFRUIT,SEASHELLS,4954.0,2
994,-2,189700,,,STARFRUIT,SEASHELLS,4961.0,1
996,-2,189800,,,STARFRUIT,SEASHELLS,4961.0,11
1000,-2,191300,,,STARFRUIT,SEASHELLS,4960.0,7
1001,-2,191500,,,STARFRUIT,SEASHELLS,4953.0,2
1004,-2,191600,,,STARFRUIT,SEASHELLS,4954.0,1
1006,-2,193100,,,STARFRUIT,SEASHELLS,4954.0,1
1008,-2,193600,,,STARFRUIT,SEASHELLS,4958.0,10
1009,-2,193600,,,STARFRUIT,SEASHELLS,4958.0,2
1011,-2,193600,,,STARFRUIT,SEASHELLS,4958.0,3
1012,-2,194600,,,STARFRUIT,SEASHELLS,4956.0,2
1014,-2,195300,,,STARFRUIT,SEASHELLS,4958.0,11
1016,-2,196100,,,STARFRUIT,SEASHELLS,4951.0,1
1017,-2,196400,,,STARFRUIT,SEASHELLS,4952.0,1
1019,-2,196600,,,STARFRUIT,SEASHELLS,4956.0,1
1021,-2,196700,,,STARFRUIT,SEASHELLS,4952.0,2
1023,-2,196800,,,STARFRUIT,SEASHELLS,4952.0,5
1026,-2,197300,,,STARFRUIT,SEASHELLS,4954.0,1
1028,-2,197300,,,STARFRUIT,SEASHELLS,4954.0,1
1032,-2,198000,,,STARFRUIT,SEASHELLS,4954.0,1
1034,-2,198100,,,STARFRUIT,SEASHELLS,4954.0,1
1035,-2,198400,,,STARFRUIT,SEASHELLS,4949.0,1
1036,-2,198400,,,STARFRUIT,SEASHELLS,4952.0,2
1037,-2,198500,,,STARFRUIT,SEASHELLS,4949.0,11
1039,-2,198900,,,STARFRUIT,SEASHELLS,4954.0,1
1040,-2,199000,,,STARFRUIT,SEASHELLS,4955.0,14
1042,-2,199000,,,STARFRUIT,SEASHELLS,4949.0,1
1043,-2,199000,,,STARFRUIT,SEASHELLS,4954.0,1
1045,-2,199400,,,STARFRUIT,SEASHELLS,4955.0,1
1046,-2,199400,,,STARFRUIT,SEASHELLS,4955.0,1
1047,-2,199500,,,STARFRUIT,SEASHELLS,4954.0,5
1048,-2,199900,,,STARFRUIT,SEASHELLS,4950.0,1
1050,-2,200200,,,STARFRUIT,SEASHELLS,4956.0,3
1052,-2,200300,,,STARFRUIT,SEASHELLS,4952.0,1
1053,-2,200300,,,STARFRUIT,SEASHELLS,4952.0,1
1058,-2,200500,,,STARFRUIT,SEASHELLS,4958.0,2
1061,-2,200600,,,STARFRUIT,SEASHELLS,4952.0,2
1066,-2,202300,,,STARFRUIT,SEASHELLS,4961.0,8
1067,-2,202400,,,STARFRUIT,SEASHELLS,4955.0,1
1070,-2,202900,,,STARFRUIT,SEASHELLS,4955.0,2
1071,-2,203600,,,STARFRUIT,SEASHELLS,4957.0,2
1074,-2,203900,,,STARFRUIT,SEASHELLS,4962.0,2
1076,-2,204200,,,STARFRUIT,SEASHELLS,4961.0,4
1077,-2,204200,,,STARFRUIT,SEASHELLS,4958.0,4
1078,-2,204200,,,STARFRUIT,SEASHELLS,4963.0,11
1084,-2,204900,,,STARFRUIT,SEASHELLS,4961.0,1
1085,-2,205200,,,STARFRUIT,SEASHELLS,4957.0,2
1087,-2,205300,,,STARFRUIT,SEASHELLS,4963.0,1
1093,-2,206400,,,STARFRUIT,SEASHELLS,4957.0,1
1094,-2,206600,,,STARFRUIT,SEASHELLS,4957.0,1
1095,-2,206600,,,STARFRUIT,SEASHELLS,4957.0,3
1096,-2,207100,,,STARFRUIT,SEASHELLS,4964.0,2
1098,-2,207200,,,STARFRUIT,SEASHELLS,4956.0,1
1099,-2,207300,,,STARFRUIT,SEASHELLS,4956.0,1
1100,-2,207700,,,STARFRUIT,SEASHELLS,4963.0,1
1102,-2,208000,,,STARFRUIT,SEASHELLS,4958.0,1
1103,-2,208100,,,STARFRUIT,SEASHELLS,4965.0,14
1104,-2,208200,,,STARFRUIT,SEASHELLS,4963.0,1
1105,-2,208400,,,STARFRUIT,SEASHELLS,4957.0,1
1109,-2,209300,,,STARFRUIT,SEASHELLS,4958.0,1
1110,-2,209600,,,STARFRUIT,SEASHELLS,4959.0,1
1111,-2,209700,,,STARFRUIT,SEASHELLS,4960.0,5
1113,-2,209900,,,STARFRUIT,SEASHELLS,4959.0,2
1114,-2,210000,,,STARFRUIT,SEASHELLS,4961.0,3
1117,-2,210200,,,STARFRUIT,SEASHELLS,4964.0,11
1119,-2,211300,,,STARFRUIT,SEASHELLS,4963.0,1
1120,-2,212500,,,STARFRUIT,SEASHELLS,4964.0,1
1122,-2,212700,,,STARFRUIT,SEASHELLS,4959.0,1
1130,-2,214700,,,STARFRUIT,SEASHELLS,4957.0,1
1131,-2,214800,,,STARFRUIT,SEASHELLS,4959.0,3
1133,-2,215100,,,STARFRUIT,SEASHELLS,4963.0,2
1135,-2,215200,,,STARFRUIT,SEASHELLS,4959.0,5
1136,-2,215400,,,STARFRUIT,SEASHELLS,4958.0,3
1137,-2,216400,,,STARFRUIT,SEASHELLS,4957.0,6
1139,-2,216500,,,STARFRUIT,SEASHELLS,4955.0,1
1140,-2,216700,,,STARFRUIT,SEASHELLS,4955.0,1
1141,-2,216700,,,STARFRUIT,SEASHELLS,4955.0,8
1142,-2,217100,,,STARFRUIT,SEASHELLS,4956.0,1
1143,-2,217100,,,STARFRUIT,SEASHELLS,4956.0,2
1146,-2,217900,,,STARFRUIT,SEASHELLS,4958.0,1
1149,-2,218400,,,STARFRUIT,SEASHELLS,4964.0,1
1151,-2,219500,,,STARFRUIT,SEASHELLS,4959.0,1
1152,-2,219900,,,STARFRUIT,SEASHELLS,4958.0,1
1153,-2,220100,,,STARFRUIT,SEASHELLS,4958.0,1
1155,-2,220300,,,STARFRUIT,SEASHELLS,4952.0,2
1157,-2,220800,,,STARFRUIT,SEASHELLS,4954.0,1
1158,-2,221500,,,STARFRUIT,SEASHELLS,4958.0,1
1159,-2,221700,,,STARFRUIT,SEASHELLS,4953.0,1
1160,-2,221800,,,STARFRUIT,SEASHELLS,4953.0,12
1161,-2,221800,,,STARFRUIT,SEASHELLS,4956.0,6
1163,-2,222500,,,STARFRUIT,SEASHELLS,4959.0,2
1167,-2,223200,,,STARFRUIT,SEASHELLS,4955.0,1
1168,-2,223400,,,STARFRUIT,SEASHELLS,4960.0,1
1170,-2,223900,,,STARFRUIT,SEASHELLS,4960.0,15
1171,-2,224300,,,STARFRUIT,SEASHELLS,4959.0,2
1174,-2,224500,,,STARFRUIT,SEASHELLS,4960.0,1
1175,-2,224600,,,STARFRUIT,SEASHELLS,4953.0,1
1177,-2,224900,,,STARFRUIT,SEASHELLS,4954.0,1
1178,-2,225000,,,STARFRUIT,SEASHELLS,4958.0,4
1179,-2,225500,,,STARFRUIT,SEASHELLS,4955.0,3
1180,-2,225800,,,STARFRUIT,SEASHELLS,4953.0,1
1182,-2,226000,,,STARFRUIT,SEASHELLS,4953.0,2
1184,-2,226100,,,STARFRUIT,SEASHELLS,4959.0,1
1186,-2,226300,,,STARFRUIT,SEASHELLS,4956.0,5
1187,-2,226300,,,STARFRUIT,SEASHELLS,4956.0,5
1189,-2,226700,,,STARFRUIT,SEASHELLS,4951.0,1
1190,-2,226800,,,STARFRUIT,SEASHELLS,4956.0,1
1191,-2,226800,,,STARFRUIT,SEASHELLS,4953.0,4
1193,-2,227500,,,STARFRUIT,SEASHELLS,4950.0,1
1197,-2,227600,,,STARFRUIT,SEASHELLS,4955.0,1
1198,-2,227700,,,STARFRUIT,SEASHELLS,4956.0,1
1201,-2,227800,,,STARFRUIT,SEASHELLS,4949.0,1
1202,-2,227900,,,STARFRUIT,SEASHELLS,4954.0,1
1208,-2,230400,,,STARFRUIT,SEASHELLS,4951.0,1
1210,-2,230600,,,STARFRUIT,SEASHELLS,4954.0,2
1211,-2,230600,,,STARFRUIT,SEASHELLS,4955.0,1
1212,-2,230600,,,STARFRUIT,SEASHELLS,4954.0,2
1213,-2,231100,,,STARFRUIT,SEASHELLS,4956.0,1
1214,-2,232500,,,STARFRUIT,SEASHELLS,4953.0,1
1215,-2,232700,,,STARFRUIT,SEASHELLS,4953.0,1
1218,-2,233100,,,STARFRUIT,SEASHELLS,4960.0,1
1222,-2,233900,,,STARFRUIT,SEASHELLS,4953.0,4
1224,-2,234500,,,STARFRUIT,SEASHELLS,4954.0,1
1227,-2,235400,,,STARFRUIT,SEASHELLS,4960.0,1
1233,-2,236400,,,STARFRUIT,SEASHELLS,4956.0,2
1236,-2,236500,,,STARFRUIT,SEASHELLS,4957.0,1
1237,-2,236500,,,STARFRUIT,SEASHELLS,4964.0,13
1239,-2,236700,,,STARFRUIT,SEASHELLS,4957.0,1
1240,-2,236900,,,STARFRUIT,SEASHELLS,4958.0,4
1241,-2,237000,,,STARFRUIT,SEASHELLS,4962.0,1
1246,-2,237200,,,STARFRUIT,SEASHELLS,4956.0,1
1247,-2,237700,,,STARFRUIT,SEASHELLS,4956.0,1
1249,-2,237900,,,STARFRUIT,SEASHELLS,4961.0,1
1251,-2,238000,,,STARFRUIT,SEASHELLS,4962.0,1
1252,-2,238300,,,STARFRUIT,SEASHELLS,4961.0,13
1253,-2,238700,,,STARFRUIT,SEASHELLS,4953.0,2
1255,-2,239100,,,STARFRUIT,SEASHELLS,4953.0,1
1256,-2,239200,,,STARFRUIT,SEASHELLS,4958.0,1
1257,-2,239300,,,STARFRUIT,SEASHELLS,4957.0,5
1262,-2,241000,,,STARFRUIT,SEASHELLS,4953.0,1
1263,-2,241200,,,STARFRUIT,SEASHELLS,4954.0,1
1269,-2,241500,,,STARFRUIT,SEASHELLS,4954.0,1
1270,-2,241600,,,STARFRUIT,SEASHELLS,4957.0,2
1271,-2,241700,,,STARFRUIT,SEASHELLS,4960.0,2
1276,-2,242400,,,STARFRUIT,SEASHELLS,4954.0,11
1277,-2,242600,,,STARFRUIT,SEASHELLS,4958.0,1
1279,-2,242900,,,STARFRUIT,SEASHELLS,4958.0,1
1280,-2,243100,,,STARFRUIT,SEASHELLS,4952.0,1
1282,-2,243200,,,STARFRUIT,SEASHELLS,4953.0,3
1284,-2,243400,,,STARFRUIT,SEASHELLS,4957.0,1
1286,-2,243600,,,STARFRUIT,SEASHELLS,4959.0,10
1287,-2,243600,,,STARFRUIT,SEASHELLS,4952.0,1
1288,-2,243600,,,STARFRUIT,SEASHELLS,4957.0,6
1290,-2,243700,,,STARFRUIT,SEASHELLS,4952.0,2
1292,-2,244300,,,STARFRUIT,SEASHELLS,4952.0,8
1294,-2,244700,,,STARFRUIT,SEASHELLS,4958.0,1
1297,-2,245200,,,STARFRUIT,SEASHELLS,4954.0,1
1298,-2,245300,,,STARFRUIT,SEASHELLS,4954.0,12
1301,-2,246700,,,STARFRUIT,SEASHELLS,4957.0,4
1303,-2,247300,,,STARFRUIT,SEASHELLS,4956.0,1
1304,-2,247400,,,STARFRUIT,SEASHELLS,4961.0,1
1306,-2,247600,,,STARFRUIT,SEASHELLS,4957.0,1
1311,-2,247700,,,STARFRUIT,SEASHELLS,4957.0,2
1314,-2,248400,,,STARFRUIT,SEASHELLS,4956.0,1
1317,-2,248700,,,STARFRUIT,SEASHELLS,4956.0,10
1320,-2,249400,,,STARFRUIT,SEASHELLS,4956.0,1
1323,-2,249900,,,STARFRUIT,SEASHELLS,4960.0,1
1327,-2,250500,,,STARFRUIT,SEASHELLS,4962.0,2
1328,-2,250600,,,STARFRUIT,SEASHELLS,4960.0,1
1331,-2,251300,,,STARFRUIT,SEASHELLS,4954.0,1
1335,-2,251900,,,STARFRUIT,SEASHELLS,4955.0,8
1336,-2,251900,,,STARFRUIT,SEASHELLS,4954.0,15
1338,-2,252400,,,STARFRUIT,SEASHELLS,4957.0,2
1339,-2,252800,,,STARFRUIT,SEASHELLS,4956.0,2
1341,-2,253500,,,STARFRUIT,SEASHELLS,4955.0,1
1343,-2,253700,,,STARFRUIT,SEASHELLS,4955.0,1
1345,-2,254000,,,STARFRUIT,SEASHELLS,4962.0,2
1347,-2,254400,,,STARFRUIT,SEASHELLS,4958.0,3
1348,-2,254700,,,STARFRUIT,SEASHELLS,4963.0,1
1351,-2,255000,,,STARFRUIT,SEASHELLS,4955.0,1
1353,-2,255100,,,STARFRUIT,SEASHELLS,4956.0,1
1354,-2,255400,,,STARFRUIT,SEASHELLS,4956.0,1
1355,-2,256000,,,STARFRUIT,SEASHELLS,4959.0,1
1356,-2,256100,,,STARFRUIT,SEASHELLS,4958.0,4
1357,-2,256500,,,STARFRUIT,SEASHELLS,4960.0,6
1358,-2,256700,,,STARFRUIT,SEASHELLS,4958.0,7
1359,-2,256900,,,STARFRUIT,SEASHELLS,4959.0,1
1361,-2,257100,,,STARFRUIT,SEASHELLS,4959.0,1
1363,-2,257600,,,STARFRUIT,SEASHELLS,4954.0,1
1366,-2,258200,,,STARFRUIT,SEASHELLS,4953.0,2
1368,-2,258400,,,STARFRUIT,SEASHELLS,4952.0,1
1369,-2,259300,,,STARFRUIT,SEASHELLS,4953.0,1
1371,-2,259500,,,STARFRUIT,SEASHELLS,4957.0,1
1372,-2,259800,,,STARFRUIT,SEASHELLS,4951.0,2
1375,-2,260200,,,STARFRUIT,SEASHELLS,4951.0,1
1377,-2,260300,,,STARFRUIT,SEASHELLS,4951.0,1
1378,-2,260600,,,STARFRUIT,SEASHELLS,4951.0,1
1380,-2,261000,,,STARFRUIT,SEASHELLS,4956.0,1
1383,-2,261500,,,STARFRUIT,SEASHELLS,4952.0,1
1386,-2,261700,,,STARFRUIT,SEASHELLS,4957.0,6
1387,-2,261800,,,STARFRUIT,SEASHELLS,4957.0,1
1388,-2,261900,,,STARFRUIT,SEASHELLS,4952.0,1
1390,-2,262200,,,STARFRUIT,SEASHELLS,4960.0,2
1393,-2,262800,,,STARFRUIT,SEASHELLS,4959.0,7
1394,-2,262800,,,STARFRUIT,SEASHELLS,4954.0,1
1395,-2,262900,,,STARFRUIT,SEASHELLS,4961.0,13
1396,-2,262900,,,STARFRUIT,SEASHELLS,4959.0,1
1397,-2,263700,,,STARFRUIT,SEASHELLS,4954.0,1
1400,-2,264800,,,STARFRUIT,SEASHELLS,4958.0,1
1402,-2,265500,,,STARFRUIT,SEASHELLS,4955.0,4
1403,-2,265700,,,STARFRUIT,SEASHELLS,4957.0,2
1406,-2,265900,,,STARFRUIT,SEASHELLS,4958.0,1
1407,-2,266000,,,STARFRUIT,SEASHELLS,4953.0,1
1409,-2,266300,,,STARFRUIT,SEASHELLS,4953.0,1
1410,-2,266500,,,STARFRUIT,SEASHELLS,4958.0,1
1412,-2,266800,,,STARFRUIT,SEASHELLS,4960.0,1
1415,-2,267000,,,STARFRUIT,SEASHELLS,4954.0,4
1416,-2,267000,,,STARFRUIT,SEASHELLS,4953.0,1
1417,-2,267000,,,STARFRUIT,SEASHELLS,4954.0,4
1419,-2,268500,,,STARFRUIT,SEASHELLS,4955.0,9
1421,-2,268800,,,STARFRUIT,SEASHELLS,4957.0,4
1424,-2,269000,,,STARFRUIT,SEASHELLS,4955.0,2
1425,-2,269200,,,STARFRUIT,SEASHELLS,4959.0,2
1426,-2,269200,,,STARFRUIT,SEASHELLS,4960.0,1
1430,-2,269800,,,STARFRUIT,SEASHELLS,4960.0,1
1433,-2,269900,,,STARFRUIT,SEASHELLS,4961.0,1
1434,-2,270100,,,STARFRUIT,SEASHELLS,4956.0,1
1436,-2,270300,,,STARFRUIT,SEASHELLS,4956.0,1
1438,-2,270600,,,STARFRUIT,SEASHELLS,4961.0,1
1439,-2,270700,,,STARFRUIT,SEASHELLS,4957.0,1
1441,-2,270900,,,STARFRUIT,SEASHELLS,4963.0,2
1443,-2,271700,,,STARFRUIT,SEASHELLS,4961.0,4
1444,-2,271700,,,STARFRUIT,SEASHELLS,4956.0,1
1445,-2,271700,,,STARFRUIT,SEASHELLS,4961.0,3
1447,-2,272100,,,STARFRUIT,SEASHELLS,4962.0,1
1448,-2,272200,,,STARFRUIT,SEASHELLS,4957.0,1
1452,-2,272800,,,STARFRUIT,SEASHELLS,4964.0,1
1456,-2,274200,,,STARFRUIT,SEASHELLS,4965.0,1
1457,-2,274800,,,STARFRUIT,SEASHELLS,4960.0,9
1458,-2,275000,,,STARFRUIT,SEASHELLS,4964.0,1
1461,-2,276800,,,STARFRUIT,SEASHELLS,4965.0,4
1462,-2,276900,,,STARFRUIT,SEASHELLS,4965.0,4
1464,-2,277000,,,STARFRUIT,SEASHELLS,4962.0,1
1465,-2,277000,,,STARFRUIT,SEASHELLS,4961.0,2
1466,-2,277800,,,STARFRUIT,SEASHELLS,4962.0,5
1467,-2,278000,,,STARFRUIT,SEASHELLS,4963.0,4
1468,-2,278200,,,STARFRUIT,SEASHELLS,4961.0,1
1471,-2,279300,,,STARFRUIT,SEASHELLS,4960.0,1
1474,-2,279400,,,STARFRUIT,SEASHELLS,4960.0,2
1475,-2,279900,,,STARFRUIT,SEASHELLS,4960.0,2
1477,-2,280200,,,STARFRUIT,SEASHELLS,4960.0,2
1478,-2,280300,,,STARFRUIT,SEASHELLS,4960.0,1
1480,-2,280400,,,STARFRUIT,SEASHELLS,4961.0,3
1481,-2,280400,,,STARFRUIT,SEASHELLS,4966.0,2
1484,-2,282200,,,STARFRUIT,SEASHELLS,4961.0,1
1487,-2,282600,,,STARFRUIT,SEASHELLS,4968.0,13
1488,-2,283100,,,STARFRUIT,SEASHELLS,4961.0,6
1489,-2,283300,,,STARFRUIT,SEASHELLS,4968.0,2
1495,-2,284500,,,STARFRUIT,SEASHELLS,4961.0,2
1497,-2,284700,,,STARFRUIT,SEASHELLS,4960.0,1
1499,-2,285100,,,STARFRUIT,SEASHELLS,4961.0,1
1500,-2,285200,,,STARFRUIT,SEASHELLS,4967.0,5
1502,-2,285700,,,STARFRUIT,SEASHELLS,4961.0,2
1503,-2,286000,,,STARFRUIT,SEASHELLS,4963.0,4
1504,-2,286000,,,STARFRUIT,SEASHELLS,4963.0,2
1506,-2,286500,,,STARFRUIT,SEASHELLS,4965.0,10
1507,-2,286900,,,STARFRUIT,SEASHELLS,4959.0,2
1508,-2,287000,,,STARFRUIT,SEASHELLS,4963.0,1
1509,-2,288100,,,STARFRUIT,SEASHELLS,4958.0,1
1512,-2,288600,,,STARFRUIT,SEASHELLS,4957.0,1
1513,-2,288600,,,STARFRUIT,SEASHELLS,4958.0,4
1514,-2,288900,,,STARFRUIT,SEASHELLS,4960.0,1
1515,-2,288900,,,STARFRUIT,SEASHELLS,4961.0,1
1517,-2,289400,,,STARFRUIT,SEASHELLS,4961.0,1
1519,-2,289900,,,STARFRUIT,SEASHELLS,4961.0,3
1520,-2,290200,,,STARFRUIT,SEASHELLS,4957.0,1
1522,-2,290300,,,STARFRUIT,SEASHELLS,4963.0,1
1524,-2,291400,,,STARFRUIT,SEASHELLS,4960.0,1
1526,-2,291700,,,STARFRUIT,SEASHELLS,4959.0,1
1530,-2,292300,,,STARFRUIT,SEASHELLS,4957.0,2
1531,-2,292400,,,STARFRUIT,SEASHELLS,4959.0,3
1536,-2,292800,,,STARFRUIT,SEASHELLS,4958.0,1
1537,-2,293000,,,STARFRUIT,SEASHELLS,4958.0,1
1538,-2,293100,,,STARFRUIT,SEASHELLS,4958.0,1
1539,-2,293400,,,STARFRUIT,SEASHELLS,4958.0,1
1540,-2,293500,,,STARFRUIT,SEASHELLS,4963.0,2
1541,-2,293500,,,STARFRUIT,SEASHELLS,4963.0,5
1543,-2,293800,,,STARFRUIT,SEASHELLS,4961.0,5
1544,-2,294200,,,STARFRUIT,SEASHELLS,4959.0,5
1545,-2,294600,,,STARFRUIT,SEASHELLS,4956.0,9
1546,-2,294700,,,STARFRUIT,SEASHELLS,4955.0,12
1547,-2,294900,,,STARFRUIT,SEASHELLS,4955.0,1
1549,-2,295300,,,STARFRUIT,SEASHELLS,4956.0,1
1550,-2,295700,,,STARFRUIT,SEASHELLS,4963.0,2
1553,-2,295800,,,STARFRUIT,SEASHELLS,4956.0,1
1555,-2,296300,,,STARFRUIT,SEASHELLS,4963.0,1
1557,-2,296500,,,STARFRUIT,SEASHELLS,4958.0,10
1558,-2,297100,,,STARFRUIT,SEASHELLS,4964.0,1
1560,-2,297400,,,STARFRUIT,SEASHELLS,4968.0,1
1561,-2,297400,,,STARFRUIT,SEASHELLS,4962.0,1
1563,-2,297500,,,STARFRUIT,SEASHELLS,4961.0,11
1566,-2,298100,,,STARFRUIT,SEASHELLS,4961.0,1
1568,-2,298600,,,STARFRUIT,SEASHELLS,4963.0,1
1569,-2,298800,,,STARFRUIT,SEASHELLS,4968.0,1
1570,-2,298900,,,STARFRUIT,SEASHELLS,4965.0,1
1571,-2,298900,,,STARFRUIT,SEASHELLS,4965.0,1
1572,-2,299400,,,STARFRUIT,SEASHELLS,4961.0,11
1574,-2,299600,,,STARFRUIT,SEASHELLS,4966.0,1
1575,-2,299700,,,STARFRUIT,SEASHELLS,4964.0,2
1576,-2,299700,,,STARFRUIT,SEASHELLS,4966.0,1
1577,-2,300500,,,STARFRUIT,SEASHELLS,4963.0,3
1578,-2,300800,,,STARFRUIT,SEASHELLS,4967.0,1
1580,-2,301400,,,STARFRUIT,SEASHELLS,4965.0,2
1583,-2,301700,,,STARFRUIT,SEASHELLS,4960.0,1
1584,-2,301800,,,STARFRUIT,SEASHELLS,4961.0,3
1585,-2,301800,,,STARFRUIT,SEASHELLS,4960.0,11
1587,-2,302100,,,STARFRUIT,SEASHELLS,4964.0,2
1588,-2,302100,,,STARFRUIT,SEASHELLS,4966.0,1
1589,-2,302100,,,STARFRUIT,SEASHELLS,4965.0,1
1593,-2,302500,,,STARFRUIT,SEASHELLS,4960.0,5
1594,-2,302600,,,STARFRUIT,SEASHELLS,4959.0,7
1595,-2,302900,,,STARFRUIT,SEASHELLS,4960.0,1
1596,-2,303100,,,STARFRUIT,SEASHELLS,4960.0,1
1598,-2,303600,,,STARFRUIT,SEASHELLS,4961.0,1
1600,-2,303700,,,STARFRUIT,SEASHELLS,4962.0,4
1602,-2,303900,,,STARFRUIT,SEASHELLS,4962.0,3
1603,-2,303900,,,STARFRUIT,SEASHELLS,4962.0,2
1604,-2,303900,,,STARFRUIT,SEASHELLS,4962.0,2
1605,-2,304200,,,STARFRUIT,SEASHELLS,4961.0,8
1606,-2,304200,,,STARFRUIT,SEASHELLS,4962.0,4
1607,-2,304800,,,STARFRUIT,SEASHELLS,4960.0,5
1609,-2,305700,,,STARFRUIT,SEASHELLS,4961.0,5
1611,-2,306200,,,STARFRUIT,SEASHELLS,4960.0,12
1615,-2,307500,,,STARFRUIT,SEASHELLS,4960.0,1
1617,-2,307900,,,STARFRUIT,SEASHELLS,4966.0,1
1620,-2,308200,,,STARFRUIT,SEASHELLS,4960.0,1
1621,-2,308300,,,STARFRUIT,SEASHELLS,4960.0,1
1623,-2,308400,,,STARFRUIT,SEASHELLS,4960.0,2
1624,-2,308500,,,STARFRUIT,SEASHELLS,4959.0,1
1625,-2,308600,,,STARFRUIT,SEASHELLS,4959.0,1
1627,-2,309600,,,STARFRUIT,SEASHELLS,4959.0,2
1629,-2,310300,,,STARFRUIT,SEASHELLS,4961.0,2
1630,-2,310500,,,STARFRUIT,SEASHELLS,4964.0,1
1632,-2,310800,,,STARFRUIT,SEASHELLS,4963.0,1
1634,-2,311500,,,STARFRUIT,SEASHELLS,4957.0,11
1635,-2,311700,,,STARFRUIT,SEASHELLS,4958.0,2
1638,-2,312300,,,STARFRUIT,SEASHELLS,4957.0,2
1641,-2,313100,,,STARFRUIT,SEASHELLS,4957.0,1
1644,-2,313200,,,STARFRUIT,SEASHELLS,4957.0,1
1650,-2,314200,,,STARFRUIT,SEASHELLS,4961.0,11
1651,-2,314200,,,STARFRUIT,SEASHELLS,4958.0,2
1652,-2,314700,,,STARFRUIT,SEASHELLS,4955.0,2
1655,-2,315500,,,STARFRUIT,SEASHELLS,4962.0,12
1656,-2,315500,,,STARFRUIT,SEASHELLS,4962.0,2
1658,-2,315800,,,STARFRUIT,SEASHELLS,4964.0,1
1661,-2,316200,,,STARFRUIT,SEASHELLS,4964.0,2
1662,-2,316600,,,STARFRUIT,SEASHELLS,4966.0,1
1664,-2,316800,,,STARFRUIT,SEASHELLS,4960.0,1
1665,-2,316900,,,STARFRUIT,SEASHELLS,4965.0,1
1666,-2,317400,,,STARFRUIT,SEASHELLS,4960.0,1
1669,-2,317900,,,STARFRUIT,SEASHELLS,4964.0,1
1672,-2,318700,,,STARFRUIT,SEASHELLS,4966.0,1
1673,-2,318800,,,STARFRUIT,SEASHELLS,4962.0,3
1675,-2,319500,,,STARFRUIT,SEASHELLS,4961.0,1
1676,-2,319600,,,STARFRUIT,SEASHELLS,4964.0,5
1680,-2,320300,,,STARFRUIT,SEASHELLS,4969.0,1
1681,-2,320500,,,STARFRUIT,SEASHELLS,4963.0,1
1683,-2,321100,,,STARFRUIT,SEASHELLS,4965.0,4
1684,-2,321300,,,STARFRUIT,SEASHELLS,4968.0,2
1686,-2,321600,,,STARFRUIT,SEASHELLS,4961.0,1
1687,-2,321800,,,STARFRUIT,SEASHELLS,4960.0,1
1689,-2,321900,,,STARFRUIT,SEASHELLS,4960.0,1
1690,-2,322000,,,STARFRUIT,SEASHELLS,4960.0,1
1691,-2,322100,,,STARFRUIT,SEASHELLS,4960.0,1
1692,-2,322900,,,STARFRUIT,SEASHELLS,4960.0,1
1693,-2,323200,,,STARFRUIT,SEASHELLS,4966.0,15
1694,-2,323900,,,STARFRUIT,SEASHELLS,4963.0,4
1696,-2,324100,,,STARFRUIT,SEASHELLS,4960.0,2
1697,-2,324200,,,STARFRUIT,SEASHELLS,4965.0,5
1699,-2,324300,,,STARFRUIT,SEASHELLS,4966.0,1
1702,-2,325100,,,STARFRUIT,SEASHELLS,4961.0,1
1704,-2,325500,,,STARFRUIT,SEASHELLS,4967.0,1
1706,-2,326200,,,STARFRUIT,SEASHELLS,4963.0,1
1707,-2,326300,,,STARFRUIT,SEASHELLS,4964.0,1
1708,-2,326400,,,STARFRUIT,SEASHELLS,4969.0,1
1709,-2,326600,,,STARFRUIT,SEASHELLS,4969.0,1
1710,-2,326700,,,STARFRUIT,SEASHELLS,4969.0,1
1712,-2,326900,,,STARFRUIT,SEASHELLS,4964.0,1
1713,-2,327000,,,STARFRUIT,SEASHELLS,4963.0,15
1715,-2,327700,,,STARFRUIT,SEASHELLS,4966.0,1
1716,-2,327800,,,STARFRUIT,SEASHELLS,4966.0,1
1718,-2,328000,,,STARFRUIT,SEASHELLS,4971.0,7
1719,-2,328400,,,STARFRUIT,SEASHELLS,4968.0,2
1720,-2,328400,,,STARFRUIT,SEASHELLS,4967.0,1
1721,-2,328600,,,STARFRUIT,SEASHELLS,4972.0,1
1722,-2,328900,,,STARFRUIT,SEASHELLS,4967.0,1
1723,-2,329000,,,STARFRUIT,SEASHELLS,4972.0,1
1729,-2,330400,,,STARFRUIT,SEASHELLS,4968.0,1
1734,-2,331300,,,STARFRUIT,SEASHELLS,4969.0,1
1736,-2,331600,,,STARFRUIT,SEASHELLS,4973.0,4
1740,-2,331800,,,STARFRUIT,SEASHELLS,4972.0,1
1741,-2,332200,,,STARFRUIT,SEASHELLS,4969.0,8
1742,-2,332200,,,STARFRUIT,SEASHELLS,4969.0,2
1745,-2,333100,,,STARFRUIT,SEASHELLS,4976.0,2
1746,-2,333300,,,STARFRUIT,SEASHELLS,4970.0,1
1748,-2,333600,,,STARFRUIT,SEASHELLS,4972.0,2
1750,-2,334100,,,STARFRUIT,SEASHELLS,4971.0,1
1751,-2,334300,,,STARFRUIT,SEASHELLS,4970.0,1
1752,-2,334500,,,STARFRUIT,SEASHELLS,4971.0,1
1753,-2,335000,,,STARFRUIT,SEASHELLS,4976.0,1
1756,-2,335500,,,STARFRUIT,SEASHELLS,4970.0,12
1757,-2,335600,,,STARFRUIT,SEASHELLS,4974.0,6
1760,-2,336200,,,STARFRUIT,SEASHELLS,4979.0,1
1762,-2,336400,,,STARFRUIT,SEASHELLS,4977.0,1
1764,-2,336600,,,STARFRUIT,SEASHELLS,4972.0,2
1766,-2,336700,,,STARFRUIT,SEASHELLS,4972.0,1
1770,-2,336900,,,STARFRUIT,SEASHELLS,4972.0,1
1773,-2,337200,,,STARFRUIT,SEASHELLS,4975.0,2
1777,-2,337600,,,STARFRUIT,SEASHELLS,4971.0,1
1778,-2,337800,,,STARFRUIT,SEASHELLS,4972.0,7
1779,-2,337900,,,STARFRUIT,SEASHELLS,4972.0,1
1780,-2,338200,,,STARFRUIT,SEASHELLS,4972.0,3
1782,-2,338300,,,STARFRUIT,SEASHELLS,4969.0,1
1783,-2,338300,,,STARFRUIT,SEASHELLS,4973.0,1
1784,-2,338600,,,STARFRUIT,SEASHELLS,4973.0,1
1786,-2,339600,,,STARFRUIT,SEASHELLS,4974.0,1
1788,-2,340100,,,STARFRUIT,SEASHELLS,4974.0,1
1789,-2,340500,,,STARFRUIT,SEASHELLS,4974.0,1
1793,-2,340900,,,STARFRUIT,SEASHELLS,4970.0,11
1795,-2,341200,,,STARFRUIT,SEASHELLS,4971.0,3
1798,-2,341300,,,STARFRUIT,SEASHELLS,4975.0,1
1801,-2,341400,,,STARFRUIT,SEASHELLS,4970.0,1
1802,-2,341500,,,STARFRUIT,SEASHELLS,4976.0,1
1804,-2,342100,,,STARFRUIT,SEASHELLS,4971.0,1
1805,-2,342300,,,STARFRUIT,SEASHELLS,4971.0,1
1806,-2,342600,,,STARFRUIT,SEASHELLS,4971.0,7
1807,-2,342900,,,STARFRUIT,SEASHELLS,4977.0,2
1810,-2,343700,,,STARFRUIT,SEASHELLS,4973.0,1
1814,-2,344800,,,STARFRUIT,SEASHELLS,4978.0,1
1815,-2,345100,,,STARFRUIT,SEASHELLS,4974.0,1
1818,-2,345500,,,STARFRUIT,SEASHELLS,4974.0,2
1821,-2,345900,,,STARFRUIT,SEASHELLS,4974.0,1
1828,-2,347500,,,STARFRUIT,SEASHELLS,4979.0,1
1829,-2,347800,,,STARFRUIT,SEASHELLS,4973.0,1
1830,-2,347800,,,STARFRUIT,SEASHELLS,4979.0,8
1831,-2,348600,,,STARFRUIT,SEASHELLS,4979.0,1
1832,-2,348700,,,STARFRUIT,SEASHELLS,4977.0,3
1833,-2,348800,,,STARFRUIT,SEASHELLS,4975.0,1
1834,-2,349200,,,STARFRUIT,SEASHELLS,4974.0,1
1835,-2,349400,,,STARFRUIT,SEASHELLS,4980.0,1
1838,-2,349500,,,STARFRUIT,SEASHELLS,4980.0,1
1840,-2,349600,,,STARFRUIT,SEASHELLS,4975.0,1
1841,-2,350400,,,STARFRUIT,SEASHELLS,4976.0,1
1844,-2,350600,,,STARFRUIT,SEASHELLS,4981.0,9
1847,-2,350800,,,STARFRUIT,SEASHELLS,4975.0,1
1848,-2,350800,,,STARFRUIT,SEASHELLS,4975.0,1
1850,-2,351000,,,STARFRUIT,SEASHELLS,4980.0,1
1853,-2,351400,,,STARFRUIT,SEASHELLS,4983.0,2
1854,-2,351500,,,STARFRUIT,SEASHELLS,4976.0,1
1859,-2,352800,,,STARFRUIT,SEASHELLS,4977.0,1
1860,-2,352800,,,STARFRUIT,SEASHELLS,4980.0,4
1861,-2,352900,,,STARFRUIT,SEASHELLS,4982.0,1
1863,-2,353100,,,STARFRUIT,SEASHELLS,4977.0,1
1868,-2,353500,,,STARFRUIT,SEASHELLS,4982.0,13
1869,-2,353600,,,STARFRUIT,SEASHELLS,4977.0,9
1870,-2,353600,,,STARFRUIT,SEASHELLS,4976.0,2
1873,-2,354200,,,STARFRUIT,SEASHELLS,4979.0,1
1874,-2,354300,,,STARFRUIT,SEASHELLS,4981.0,1
1876,-2,354600,,,STARFRUIT,SEASHELLS,4980.0,2
1877,-2,354600,,,STARFRUIT,SEASHELLS,4980.0,3
1878,-2,354700,,,STARFRUIT,SEASHELLS,4981.0,1
1880,-2,355100,,,STARFRUIT,SEASHELLS,4974.0,2
1881,-2,355300,,,STARFRUIT,SEASHELLS,4979.0,1
1883,-2,356100,,,STARFRUIT,SEASHELLS,4975.0,1
1886,-2,356600,,,STARFRUIT,SEASHELLS,4977.0,2
1888,-2,356800,,,STARFRUIT,SEASHELLS,4982.0,8
1889,-2,357200,,,STARFRUIT,SEASHELLS,4975.0,1
1890,-2,357200,,,STARFRUIT,SEASHELLS,4979.0,6
1892,-2,357700,,,STARFRUIT,SEASHELLS,4980.0,2
1893,-2,357800,,,STARFRUIT,SEASHELLS,4980.0,1
1896,-2,358500,,,STARFRUIT,SEASHELLS,4975.0,1
1897,-2,358600,,,STARFRUIT,SEASHELLS,4975.0,1
1901,-2,359900,,,STARFRUIT,SEASHELLS,4976.0,1
1904,-2,360000,,,STARFRUIT,SEASHELLS,4983.0,11
1905,-2,360100,,,STARFRUIT,SEASHELLS,4977.0,1
1908,-2,361300,,,STARFRUIT,SEASHELLS,4978.0,2
1911,-2,361700,,,STARFRUIT,SEASHELLS,4983.0,1
1912,-2,361800,,,STARFRUIT,SEASHELLS,4981.0,4
1913,-2,362100,,,STARFRUIT,SEASHELLS,4978.0,9
1919,-2,363300,,,STARFRUIT,SEASHELLS,4984.0,1
1920,-2,363900,,,STARFRUIT,SEASHELLS,4979.0,14
1922,-2,364100,,,STARFRUIT,SEASHELLS,4984.0,1
1923,-2,364600,,,STARFRUIT,SEASHELLS,4984.0,1
1924,-2,365000,,,STARFRUIT,SEASHELLS,4978.0,1
1925,-2,365300,,,STARFRUIT,SEASHELLS,4983.0,1
1929,-2,365900,,,STARFRUIT,SEASHELLS,4982.0,1
1931,-2,366200,,,STARFRUIT,SEASHELLS,4978.0,1
1933,-2,366500,,,STARFRUIT,SEASHELLS,4978.0,1
1934,-2,366700,,,STARFRUIT,SEASHELLS,4978.0,1
1935,-2,367000,,,STARFRUIT,SEASHELLS,4979.0,1
1936,-2,367000,,,STARFRUIT,SEASHELLS,4985.0,2
1937,-2,367100,,,STARFRUIT,SEASHELLS,4979.0,1
1939,-2,368000,,,STARFRUIT,SEASHELLS,4986.0,2
1942,-2,368100,,,STARFRUIT,SEASHELLS,4985.0,1
1944,-2,368500,,,STARFRUIT,SEASHELLS,4980.0,5
1945,-2,368700,,,STARFRUIT,SEASHELLS,4982.0,3
1946,-2,368700,,,STARFRUIT,SEASHELLS,4980.0,1
1949,-2,368800,,,STARFRUIT,SEASHELLS,4984.0,1
1950,-2,369000,,,STARFRUIT,SEASHELLS,4980.0,6
1952,-2,369100,,,STARFRUIT,SEASHELLS,4986.0,1
1953,-2,369300,,,STARFRUIT,SEASHELLS,4979.0,1
1954,-2,369700,,,STARFRUIT,SEASHELLS,4983.0,2
1956,-2,369900,,,STARFRUIT,SEASHELLS,4984.0,1
1960,-2,370900,,,STARFRUIT,SEASHELLS,4980.0,2
1962,-2,370900,,,STARFRUIT,SEASHELLS,4980.0,1
1964,-2,371300,,,STARFRUIT,SEASHELLS,4985.0,1
1966,-2,371700,,,STARFRUIT,SEASHELLS,4978.0,1
1969,-2,372600,,,STARFRUIT,SEASHELLS,4980.0,3
1970,-2,372600,,,STARFRUIT,SEASHELLS,4979.0,1
1971,-2,372700,,,STARFRUIT,SEASHELLS,4986.0,2
1973,-2,372900,,,STARFRUIT,SEASHELLS,4980.0,1
1975,-2,373500,,,STARFRUIT,SEASHELLS,4979.0,1
1976,-2,373800,,,STARFRUIT,SEASHELLS,4984.0,1
1977,-2,373800,,,STARFRUIT,SEASHELLS,4981.0,4
1980,-2,374300,,,STARFRUIT,SEASHELLS,4977.0,1
1982,-2,375100,,,STARFRUIT,SEASHELLS,4982.0,2
1983,-2,375200,,,STARFRUIT,SEASHELLS,4978.0,1
1986,-2,375500,,,STARFRUIT,SEASHELLS,4979.0,1
1987,-2,375700,,,STARFRUIT,SEASHELLS,4981.0,5
1990,-2,376100,,,STARFRUIT,SEASHELLS,4983.0,1
1992,-2,376300,,,STARFRUIT,SEASHELLS,4984.0,2
1993,-2,376400,,,STARFRUIT,SEASHELLS,4982.0,3
1994,-2,376700,,,STARFRUIT,SEASHELLS,4984.0,8
1996,-2,378000,,,STARFRUIT,SEASHELLS,4977.0,1
1997,-2,378100,,,STARFRUIT,SEASHELLS,4976.0,8
1998,-2,378200,,,STARFRUIT,SEASHELLS,4976.0,8
2001,-2,379200,,,STARFRUIT,SEASHELLS,4977.0,1
2002,-2,379300,,,STARFRUIT,SEASHELLS,4977.0,1
2003,-2,379600,,,STARFRUIT,SEASHELLS,4982.0,1
2004,-2,379700,,,STARFRUIT,SEASHELLS,4977.0,2
2007,-2,379800,,,STARFRUIT,SEASHELLS,4984.0,1
2008,-2,380400,,,STARFRUIT,SEASHELLS,4977.0,1
2009,-2,380700,,,STARFRUIT,SEASHELLS,4983.0,1
2011,-2,381100,,,STARFRUIT,SEASHELLS,4977.0,2
2014,-2,381200,,,STARFRUIT,SEASHELLS,4983.0,2
2016,-2,381500,,,STARFRUIT,SEASHELLS,4981.0,1
2018,-2,381800,,,STARFRUIT,SEASHELLS,4975.0,1
2019,-2,382200,,,STARFRUIT,SEASHELLS,4981.0,1
2020,-2,382600,,,STARFRUIT,SEASHELLS,4977.0,1
2021,-2,383000,,,STARFRUIT,SEASHELLS,4978.0,5
2022,-2,383000,,,STARFRUIT,SEASHELLS,4978.0,2
2023,-2,383200,,,STARFRUIT,SEASHELLS,4978.0,1
2024,-2,383300,,,STARFRUIT,SEASHELLS,4982.0,1
2027,-2,383600,,,STARFRUIT,SEASHELLS,4977.0,1
2028,-2,383800,,,STARFRUIT,SEASHELLS,4978.0,1
2032,-2,384200,,,STARFRUIT,SEASHELLS,4979.0,2
2033,-2,384500,,,STARFRUIT,SEASHELLS,4985.0,1
2036,-2,384700,,,STARFRUIT,SEASHELLS,4979.0,10
2037,-2,385400,,,STARFRUIT,SEASHELLS,4978.0,1
2038,-2,385900,,,STARFRUIT,SEASHELLS,4978.0,13
2040,-2,386000,,,STARFRUIT,SEASHELLS,4983.0,1
2043,-2,386500,,,STARFRUIT,SEASHELLS,4983.0,1
2045,-2,386600,,,STARFRUIT,SEASHELLS,4977.0,1
2046,-2,386800,,,STARFRUIT,SEASHELLS,4981.0,2
2047,-2,387600,,,STARFRUIT,SEASHELLS,4976.0,1
2050,-2,387700,,,STARFRUIT,SEASHELLS,4981.0,1
2051,-2,387900,,,STARFRUIT,SEASHELLS,4982.0,1
2053,-2,388500,,,STARFRUIT,SEASHELLS,4977.0,2
2054,-2,389000,,,STARFRUIT,SEASHELLS,4975.0,2
2056,-2,389500,,,STARFRUIT,SEASHELLS,4975.0,1
2057,-2,389700,,,STARFRUIT,SEASHELLS,4976.0,2
2059,-2,389700,,,STARFRUIT,SEASHELLS,4975.0,4
2061,-2,389900,,,STARFRUIT,SEASHELLS,4978.0,4
2062,-2,389900,,,STARFRUIT,SEASHELLS,4978.0,1
2063,-2,390000,,,STARFRUIT,SEASHELLS,4977.0,2
2064,-2,390200,,,STARFRUIT,SEASHELLS,4974.0,1
2066,-2,390400,,,STARFRUIT,SEASHELLS,4972.0,2
2067,-2,390400,,,STARFRUIT,SEASHELLS,4972.0,1
2068,-2,390500,,,STARFRUIT,SEASHELLS,4977.0,1
2070,-2,390800,,,STARFRUIT,SEASHELLS,4971.0,1
2071,-2,391000,,,STARFRUIT,SEASHELLS,4978.0,1
2073,-2,391200,,,STARFRUIT,SEASHELLS,4975.0,4
2074,-2,391900,,,STARFRUIT,SEASHELLS,4978.0,7
2075,-2,392000,,,STARFRUIT,SEASHELLS,4979.0,1
2076,-2,392100,,,STARFRUIT,SEASHELLS,4975.0,1
2078,-2,392300,,,STARFRUIT,SEASHELLS,4980.0,10
2079,-2,392900,,,STARFRUIT,SEASHELLS,4978.0,7
2082,-2,393300,,,STARFRUIT,SEASHELLS,4979.0,2
2086,-2,393800,,,STARFRUIT,SEASHELLS,4980.0,1
2087,-2,393900,,,STARFRUIT,SEASHELLS,4981.0,4
2088,-2,394300,,,STARFRUIT,SEASHELLS,4974.0,14
2090,-2,394500,,,STARFRUIT,SEASHELLS,4974.0,1
2092,-2,394700,,,STARFRUIT,SEASHELLS,4978.0,1
2094,-2,395300,,,STARFRUIT,SEASHELLS,4980.0,14
2095,-2,396000,,,STARFRUIT,SEASHELLS,4979.0,10
2096,-2,396600,,,STARFRUIT,SEASHELLS,4977.0,1
2097,-2,396700,,,STARFRUIT,SEASHELLS,4971.0,2
2100,-2,397000,,,STARFRUIT,SEASHELLS,4977.0,1
2101,-2,397200,,,STARFRUIT,SEASHELLS,4972.0,1
2103,-2,398000,,,STARFRUIT,SEASHELLS,4978.0,1
2104,-2,398300,,,STARFRUIT,SEASHELLS,4973.0,1
2105,-2,398500,,,STARFRUIT,SEASHELLS,4974.0,1
2106,-2,398500,,,STARFRUIT,SEASHELLS,4974.0,4
2107,-2,398700,,,STARFRUIT,SEASHELLS,4975.0,5
2108,-2,398800,,,STARFRUIT,SEASHELLS,4972.0,1
2110,-2,400100,,,STARFRUIT,SEASHELLS,4977.0,1
2112,-2,400400,,,STARFRUIT,SEASHELLS,4971.0,2
2115,-2,400600,,,STARFRUIT,SEASHELLS,4977.0,2
2117,-2,400800,,,STARFRUIT,SEASHELLS,4972.0,1
2123,-2,402500,,,STARFRUIT,SEASHELLS,4977.0,1
2124,-2,402600,,,STARFRUIT,SEASHELLS,4972.0,1
2126,-2,403200,,,STARFRUIT,SEASHELLS,4973.0,7
2128,-2,403200,,,STARFRUIT,SEASHELLS,4973.0,1
2129,-2,403200,,,STARFRUIT,SEASHELLS,4973.0,2
2131,-2,403800,,,STARFRUIT,SEASHELLS,4974.0,1
2132,-2,403900,,,STARFRUIT,SEASHELLS,4979.0,1
2133,-2,404000,,,STARFRUIT,SEASHELLS,4974.0,1
2136,-2,404900,,,STARFRUIT,SEASHELLS,4974.0,2
2137,-2,405100,,,STARFRUIT,SEASHELLS,4974.0,1
2141,-2,406600,,,STARFRUIT,SEASHELLS,4975.0,1
2142,-2,407200,,,STARFRUIT,SEASHELLS,4978.0,5
2144,-2,407500,,,STARFRUIT,SEASHELLS,4979.0,1
2148,-2,407900,,,STARFRUIT,SEASHELLS,4980.0,1
2149,-2,408100,,,STARFRUIT,SEASHELLS,4975.0,2
2151,-2,409000,,,STARFRUIT,SEASHELLS,4979.0,1
2153,-2,409100,,,STARFRUIT,SEASHELLS,4975.0,4
2154,-2,409200,,,STARFRUIT,SEASHELLS,4974.0,1
2160,-2,410700,,,STARFRUIT,SEASHELLS,4981.0,2
2161,-2,410800,,,STARFRUIT,SEASHELLS,4977.0,1
2162,-2,411000,,,STARFRUIT,SEASHELLS,4978.0,1
2167,-2,412600,,,STARFRUIT,SEASHELLS,4985.0,1
2169,-2,412700,,,STARFRUIT,SEASHELLS,4985.0,1
2174,-2,413100,,,STARFRUIT,SEASHELLS,4979.0,2
2177,-2,413600,,,STARFRUIT,SEASHELLS,4980.0,1
2179,-2,414000,,,STARFRUIT,SEASHELLS,4983.0,1
2183,-2,414400,,,STARFRUIT,SEASHELLS,4980.0,1
2184,-2,415100,,,STARFRUIT,SEASHELLS,4985.0,1
2190,-2,416400,,,STARFRUIT,SEASHELLS,4980.0,2
2191,-2,416400,,,STARFRUIT,SEASHELLS,4980.0,6
2193,-2,416800,,,STARFRUIT,SEASHELLS,4985.0,1
2194,-2,416900,,,STARFRUIT,SEASHELLS,4984.0,1
2195,-2,417600,,,STARFRUIT,SEASHELLS,4980.0,11
2196,-2,417600,,,STARFRUIT,SEASHELLS,4981.0,8
2197,-2,417800,,,STARFRUIT,SEASHELLS,4980.0,1
2201,-2,418100,,,STARFRUIT,SEASHELLS,4980.0,1
2202,-2,418200,,,STARFRUIT,SEASHELLS,4980.0,1
2203,-2,418300,,,STARFRUIT,SEASHELLS,4980.0,1
2206,-2,418600,,,STARFRUIT,SEASHELLS,4986.0,2
2207,-2,418600,,,STARFRUIT,SEASHELLS,4986.0,4
2208,-2,418800,,,STARFRUIT,SEASHELLS,4985.0,1
2209,-2,418900,,,STARFRUIT,SEASHELLS,4980.0,1
2210,-2,418900,,,STARFRUIT,SEASHELLS,4981.0,6
2211,-2,419000,,,STARFRUIT,SEASHELLS,4986.0,1
2212,-2,420100,,,STARFRUIT,SEASHELLS,4987.0,1
2216,-2,420500,,,STARFRUIT,SEASHELLS,4986.0,1
2218,-2,420600,,,STARFRUIT,SEASHELLS,4982.0,1
2220,-2,421300,,,STARFRUIT,SEASHELLS,4982.0,15
2222,-2,421600,,,STARFRUIT,SEASHELLS,4988.0,1
2223,-2,421900,,,STARFRUIT,SEASHELLS,4988.0,3
2225,-2,422200,,,STARFRUIT,SEASHELLS,4984.0,1
2226,-2,422700,,,STARFRUIT,SEASHELLS,4987.0,3
2227,-2,423200,,,STARFRUIT,SEASHELLS,4989.0,1
2229,-2,424300,,,STARFRUIT,SEASHELLS,4985.0,1
2232,-2,424500,,,STARFRUIT,SEASHELLS,4985.0,1
2235,-2,424600,,,STARFRUIT,SEASHELLS,4991.0,1
2237,-2,425000,,,STARFRUIT,SEASHELLS,4992.0,13
2238,-2,425000,,,STARFRUIT,SEASHELLS,4986.0,1
2240,-2,425500,,,STARFRUIT,SEASHELLS,4985.0,7
2243,-2,425600,,,STARFRUIT,SEASHELLS,4985.0,2
2244,-2,425900,,,STARFRUIT,SEASHELLS,4986.0,1
2245,-2,426300,,,STARFRUIT,SEASHELLS,4992.0,5
2246,-2,426300,,,STARFRUIT,SEASHELLS,4992.0,2
2252,-2,427700,,,STARFRUIT,SEASHELLS,4985.0,4
2253,-2,427700,,,STARFRUIT,SEASHELLS,4985.0,2
2254,-2,427800,,,STARFRUIT,SEASHELLS,4984.0,2
2257,-2,428100,,,STARFRUIT,SEASHELLS,4989.0,2
2258,-2,428200,,,STARFRUIT,SEASHELLS,4984.0,1
2259,-2,428300,,,STARFRUIT,SEASHELLS,4984.0,1
2260,-2,428600,,,STARFRUIT,SEASHELLS,4989.0,9
2262,-2,428900,,,STARFRUIT,SEASHELLS,4989.0,1
2263,-2,429000,,,STARFRUIT,SEASHELLS,4985.0,2
2265,-2,429600,,,STARFRUIT,SEASHELLS,4989.0,3
2266,-2,429600,,,STARFRUIT,SEASHELLS,4989.0,5
2268,-2,429900,,,STARFRUIT,SEASHELLS,4985.0,4
2269,-2,430000,,,STARFRUIT,SEASHELLS,4983.0,12
2274,-2,431400,,,STARFRUIT,SEASHELLS,4989.0,1
2275,-2,431500,,,STARFRUIT,SEASHELLS,4987.0,1
2276,-2,431500,,,STARFRUIT,SEASHELLS,4987.0,1
2277,-2,431900,,,STARFRUIT,SEASHELLS,4983.0,1
2278,-2,431900,,,STARFRUIT,SEASHELLS,4990.0,13
2283,-2,433000,,,STARFRUIT,SEASHELLS,4984.0,4
2285,-2,433200,,,STARFRUIT,SEASHELLS,4988.0,1
2287,-2,433400,,,STARFRUIT,SEASHELLS,4988.0,1
2288,-2,433500,,,STARFRUIT,SEASHELLS,4982.0,14
2290,-2,433900,,,STARFRUIT,SEASHELLS,4982.0,14
2292,-2,434200,,,STARFRUIT,SEASHELLS,4983.0,1
2293,-2,434500,,,STARFRUIT,SEASHELLS,4988.0,1
2295,-2,435200,,,STARFRUIT,SEASHELLS,4988.0,1
2297,-2,436200,,,STARFRUIT,SEASHELLS,4990.0,2
2298,-2,436200,,,STARFRUIT,SEASHELLS,4990.0,1
2299,-2,436300,,,STARFRUIT,SEASHELLS,4987.0,1
2300,-2,436300,,,STARFRUIT,SEASHELLS,4987.0,2
2301,-2,436400,,,STARFRUIT,SEASHELLS,4990.0,1
2302,-2,436800,,,STARFRUIT,SEASHELLS,4985.0,8
2303,-2,436900,,,STARFRUIT,SEASHELLS,4985.0,8
2305,-2,437200,,,STARFRUIT,SEASHELLS,4992.0,1
2307,-2,437900,,,STARFRUIT,SEASHELLS,4985.0,1
2308,-2,438300,,,STARFRUIT,SEASHELLS,4990.0,9
2310,-2,438400,,,STARFRUIT,SEASHELLS,4991.0,1
2312,-2,439200,,,STARFRUIT,SEASHELLS,4986.0,4
2314,-2,439300,,,STARFRUIT,SEASHELLS,4989.0,1
2315,-2,439400,,,STARFRUIT,SEASHELLS,4985.0,1
2320,-2,440100,,,STARFRUIT,SEASHELLS,4989.0,1
2323,-2,440300,,,STARFRUIT,SEASHELLS,4989.0,1
2324,-2,440600,,,STARFRUIT,SEASHELLS,4984.0,1
2326,-2,440700,,,STARFRUIT,SEASHELLS,4989.0,1
2327,-2,440900,,,STARFRUIT,SEASHELLS,4984.0,1
2328,-2,441200,,,STARFRUIT,SEASHELLS,4983.0,2
2331,-2,442100,,,STARFRUIT,SEASHELLS,4984.0,1
2335,-2,442300,,,STARFRUIT,SEASHELLS,4987.0,1
2337,-2,442400,,,STARFRUIT,SEASHELLS,4982.0,1
2338,-2,442500,,,STARFRUIT,SEASHELLS,4984.0,3
2340,-2,442900,,,STARFRUIT,SEASHELLS,4987.0,3
2345,-2,443500,,,STARFRUIT,SEASHELLS,4983.0,2
2349,-2,444100,,,STARFRUIT,SEASHELLS,4982.0,2
2352,-2,444400,,,STARFRUIT,SEASHELLS,4982.0,1
2355,-2,444500,,,STARFRUIT,SEASHELLS,4982.0,1
2356,-2,444600,,,STARFRUIT,SEASHELLS,4986.0,5
2358,-2,444700,,,STARFRUIT,SEASHELLS,4982.0,9
2360,-2,444900,,,STARFRUIT,SEASHELLS,4982.0,1
2362,-2,445400,,,STARFRUIT,SEASHELLS,4988.0,1
2364,-2,446200,,,STARFRUIT,SEASHELLS,4982.0,1
2367,-2,447400,,,STARFRUIT,SEASHELLS,4982.0,1
2369,-2,447700,,,STARFRUIT,SEASHELLS,4986.0,1
2370,-2,448300,,,STARFRUIT,SEASHELLS,4986.0,1
2372,-2,448500,,,STARFRUIT,SEASHELLS,4987.0,2
2376,-2,448900,,,STARFRUIT,SEASHELLS,4980.0,1
2379,-2,450000,,,STARFRUIT,SEASHELLS,4984.0,1
2380,-2,450100,,,STARFRUIT,SEASHELLS,4979.0,2
2382,-2,450300,,,STARFRUIT,SEASHELLS,4985.0,2
2384,-2,450400,,,STARFRUIT,SEASHELLS,4986.0,1
2385,-2,450500,,,STARFRUIT,SEASHELLS,4983.0,1
2387,-2,451000,,,STARFRUIT,SEASHELLS,4979.0,1
2388,-2,451100,,,STARFRUIT,SEASHELLS,4978.0,1
2389,-2,451200,,,STARFRUIT,SEASHELLS,4982.0,5
2390,-2,451300,,,STARFRUIT,SEASHELLS,4983.0,1
2392,-2,451400,,,STARFRUIT,SEASHELLS,4981.0,6
2401,-2,452600,,,STARFRUIT,SEASHELLS,4979.0,1
2403,-2,453300,,,STARFRUIT,SEASHELLS,4983.0,6
2404,-2,453300,,,STARFRUIT,SEASHELLS,4983.0,2
2405,-2,453600,,,STARFRUIT,SEASHELLS,4983.0,8
2406,-2,453800,,,STARFRUIT,SEASHELLS,4980.0,3
2409,-2,454300,,,STARFRUIT,SEASHELLS,4983.0,12
2411,-2,454500,,,STARFRUIT,SEASHELLS,4976.0,1
2412,-2,454800,,,STARFRUIT,SEASHELLS,4982.0,2
2414,-2,455500,,,STARFRUIT,SEASHELLS,4975.0,1
2415,-2,455600,,,STARFRUIT,SEASHELLS,4975.0,1
2418,-2,456100,,,STARFRUIT,SEASHELLS,4975.0,1
2420,-2,456600,,,STARFRUIT,SEASHELLS,4977.0,3
2422,-2,456700,,,STARFRUIT,SEASHELLS,4982.0,11
2425,-2,457500,,,STARFRUIT,SEASHELLS,4980.0,9
2426,-2,458000,,,STARFRUIT,SEASHELLS,4977.0,5
2430,-2,458500,,,STARFRUIT,SEASHELLS,4976.0,7
2431,-2,458500,,,STARFRUIT,SEASHELLS,4976.0,1
2432,-2,458600,,,STARFRUIT,SEASHELLS,4976.0,1
2435,-2,459200,,,STARFRUIT,SEASHELLS,4980.0,1
2436,-2,459300,,,STARFRUIT,SEASHELLS,4975.0,13
2437,-2,459300,,,STARFRUIT,SEASHELLS,4976.0,1
2438,-2,459600,,,STARFRUIT,SEASHELLS,4981.0,1
2439,-2,459600,,,STARFRUIT,SEASHELLS,4975.0,1
2441,-2,459700,,,STARFRUIT,SEASHELLS,4979.0,3
2442,-2,459900,,,STARFRUIT,SEASHELLS,4975.0,7
2444,-2,460100,,,STARFRUIT,SEASHELLS,4979.0,8
2445,-2,460100,,,STARFRUIT,SEASHELLS,4979.0,4
2446,-2,460200,,,STARFRUIT,SEASHELLS,4974.0,1
2447,-2,460200,,,STARFRUIT,SEASHELLS,4974.0,9
2448,-2,460400,,,STARFRUIT,SEASHELLS,4979.0,2
2449,-2,460400,,,STARFRUIT,SEASHELLS,4979.0,5
2450,-2,461100,,,STARFRUIT,SEASHELLS,4975.0,1
2454,-2,462100,,,STARFRUIT,SEASHELLS,4975.0,2
2457,-2,462300,,,STARFRUIT,SEASHELLS,4974.0,10
2459,-2,462600,,,STARFRUIT,SEASHELLS,4974.0,1
2461,-2,463300,,,STARFRUIT,SEASHELLS,4975.0,8
2462,-2,463700,,,STARFRUIT,SEASHELLS,4979.0,1
2463,-2,463800,,,STARFRUIT,SEASHELLS,4979.0,1
2466,-2,464100,,,STARFRUIT,SEASHELLS,4974.0,1
2469,-2,464500,,,STARFRUIT,SEASHELLS,4977.0,1
2471,-2,464900,,,STARFRUIT,SEASHELLS,4980.0,11
2473,-2,465000,,,STARFRUIT,SEASHELLS,4974.0,1
2475,-2,465200,,,STARFRUIT,SEASHELLS,4975.0,2
2478,-2,465500,,,STARFRUIT,SEASHELLS,4979.0,1
2481,-2,465600,,,STARFRUIT,SEASHELLS,4974.0,1
2483,-2,466200,,,STARFRUIT,SEASHELLS,4975.0,2
2485,-2,466800,,,STARFRUIT,SEASHELLS,4974.0,1
2486,-2,467100,,,STARFRUIT,SEASHELLS,4979.0,1
2487,-2,467100,,,STARFRUIT,SEASHELLS,4978.0,2
2489,-2,468000,,,STARFRUIT,SEASHELLS,4975.0,1
2491,-2,468300,,,STARFRUIT,SEASHELLS,4981.0,1
2492,-2,468500,,,STARFRUIT,SEASHELLS,4981.0,1
2494,-2,469100,,,STARFRUIT,SEASHELLS,4984.0,2
2495,-2,469200,,,STARFRUIT,SEASHELLS,4978.0,11
2497,-2,469600,,,STARFRUIT,SEASHELLS,4983.0,2
2499,-2,469600,,,STARFRUIT,SEASHELLS,4981.0,1
2500,-2,469600,,,STARFRUIT,SEASHELLS,4982.0,2
2501,-2,469600,,,STARFRUIT,SEASHELLS,4982.0,4
2502,-2,469900,,,STARFRUIT,SEASHELLS,4977.0,5
2503,-2,470100,,,STARFRUIT,SEASHELLS,4976.0,1
2504,-2,470300,,,STARFRUIT,SEASHELLS,4983.0,1
2505,-2,470800,,,STARFRUIT,SEASHELLS,4985.0,2
2507,-2,471000,,,STARFRUIT,SEASHELLS,4980.0,3
2509,-2,471200,,,STARFRUIT,SEASHELLS,4984.0,1
2510,-2,471500,,,STARFRUIT,SEASHELLS,4980.0,1
2511,-2,471600,,,STARFRUIT,SEASHELLS,4986.0,1
2513,-2,471600,,,STARFRUIT,SEASHELLS,4980.0,1
2516,-2,472000,,,STARFRUIT,SEASHELLS,4980.0,1
2517,-2,472100,,,STARFRUIT,SEASHELLS,4987.0,2
2520,-2,472300,,,STARFRUIT,SEASHELLS,4983.0,3
2521,-2,472500,,,STARFRUIT,SEASHELLS,4983.0,6
2522,-2,472800,,,STARFRUIT,SEASHELLS,4980.0,1
2523,-2,472900,,,STARFRUIT,SEASHELLS,4980.0,1
2524,-2,473600,,,STARFRUIT,SEASHELLS,4983.0,4
2526,-2,473700,,,STARFRUIT,SEASHELLS,4981.0,1
2527,-2,474000,,,STARFRUIT,SEASHELLS,4987.0,1
2530,-2,474500,,,STARFRUIT,SEASHELLS,4987.0,1
2531,-2,474900,,,STARFRUIT,SEASHELLS,4982.0,1
2532,-2,475100,,,STARFRUIT,SEASHELLS,4988.0,1
2533,-2,475400,,,STARFRUIT,SEASHELLS,4989.0,2
2534,-2,475400,,,STARFRUIT,SEASHELLS,4989.0,2
2535,-2,475900,,,STARFRUIT,SEASHELLS,4990.0,15
2536,-2,476100,,,STARFRUIT,SEASHELLS,4983.0,1
2537,-2,476300,,,STARFRUIT,SEASHELLS,4983.0,1
2538,-2,476300,,,STARFRUIT,SEASHELLS,4982.0,6
2540,-2,476500,,,STARFRUIT,SEASHELLS,4986.0,5
2541,-2,477000,,,STARFRUIT,SEASHELLS,4988.0,1
2543,-2,477500,,,STARFRUIT,SEASHELLS,4981.0,2
2548,-2,477900,,,STARFRUIT,SEASHELLS,4986.0,3
2550,-2,477900,,,STARFRUIT,SEASHELLS,4986.0,2
2551,-2,478000,,,STARFRUIT,SEASHELLS,4987.0,1
2552,-2,478200,,,STARFRUIT,SEASHELLS,4987.0,1
2553,-2,478300,,,STARFRUIT,SEASHELLS,4982.0,1
2554,-2,478400,,,STARFRUIT,SEASHELLS,4982.0,1
2557,-2,478900,,,STARFRUIT,SEASHELLS,4983.0,1
2561,-2,479600,,,STARFRUIT,SEASHELLS,4987.0,11
2562,-2,479600,,,STARFRUIT,SEASHELLS,4987.0,2
2565,-2,479800,,,STARFRUIT,SEASHELLS,4987.0,1
2567,-2,480000,,,STARFRUIT,SEASHELLS,4987.0,6
2568,-2,480300,,,STARFRUIT,SEASHELLS,4988.0,1
2569,-2,480700,,,STARFRUIT,SEASHELLS,4983.0,1
2570,-2,481300,,,STARFRUIT,SEASHELLS,4983.0,1
2572,-2,481800,,,STARFRUIT,SEASHELLS,4982.0,11
2573,-2,482300,,,STARFRUIT,SEASHELLS,4982.0,1
2578,-2,482800,,,STARFRUIT,SEASHELLS,4987.0,1
2580,-2,483300,,,STARFRUIT,SEASHELLS,4989.0,1
2581,-2,483500,,,STARFRUIT,SEASHELLS,4988.0,1
2582,-2,484000,,,STARFRUIT,SEASHELLS,4989.0,1
2583,-2,484200,,,STARFRUIT,SEASHELLS,4990.0,1
2584,-2,484400,,,STARFRUIT,SEASHELLS,4991.0,1
2585,-2,484800,,,STARFRUIT,SEASHELLS,4986.0,2
2588,-2,484900,,,STARFRUIT,SEASHELLS,4987.0,2
2589,-2,485500,,,STARFRUIT,SEASHELLS,4987.0,2
2592,-2,485700,,,STARFRUIT,SEASHELLS,4993.0,2
2594,-2,485900,,,STARFRUIT,SEASHELLS,4987.0,1
2595,-2,486200,,,STARFRUIT,SEASHELLS,4992.0,10
2596,-2,486700,,,STARFRUIT,SEASHELLS,4993.0,1
2597,-2,486800,,,STARFRUIT,SEASHELLS,4994.0,1
2598,-2,487000,,,STARFRUIT,SEASHELLS,4990.0,1
2601,-2,487300,,,STARFRUIT,SEASHELLS,4990.0,1
2604,-2,487700,,,STARFRUIT,SEASHELLS,4997.0,1
2607,-2,488200,,,STARFRUIT,SEASHELLS,4998.0,2
2609,-2,488500,,,STARFRUIT,SEASHELLS,4996.0,1
2610,-2,489200,,,STARFRUIT,SEASHELLS,4992.0,3
2611,-2,489600,,,STARFRUIT,SEASHELLS,4996.0,11
2612,-2,489800,,,STARFRUIT,SEASHELLS,4989.0,1
2614,-2,490400,,,STARFRUIT,SEASHELLS,4988.0,1
2618,-2,491000,,,STARFRUIT,SEASHELLS,4994.0,1
2621,-2,491400,,,STARFRUIT,SEASHELLS,4992.0,6
2622,-2,492300,,,STARFRUIT,SEASHELLS,4990.0,1
2623,-2,492300,,,STARFRUIT,SEASHELLS,4990.0,6
2624,-2,492300,,,STARFRUIT,SEASHELLS,4994.0,1
2625,-2,492400,,,STARFRUIT,SEASHELLS,4989.0,1
2626,-2,492800,,,STARFRUIT,SEASHELLS,4989.0,2
2627,-2,492800,,,STARFRUIT,SEASHELLS,4989.0,1
2628,-2,492800,,,STARFRUIT,SEASHELLS,4989.0,4
2630,-2,492800,,,STARFRUIT,SEASHELLS,4994.0,1
2632,-2,492900,,,STARFRUIT,SEASHELLS,4995.0,1
2633,-2,493100,,,STARFRUIT,SEASHELLS,4989.0,1
2634,-2,493200,,,STARFRUIT,SEASHELLS,4988.0,1
2638,-2,494300,,,STARFRUIT,SEASHELLS,4993.0,5
2640,-2,494400,,,STARFRUIT,SEASHELLS,4987.0,4
2641,-2,494400,,,STARFRUIT,SEASHELLS,4987.0,1
2642,-2,495300,,,STARFRUIT,SEASHELLS,4988.0,1
2643,-2,495400,,,STARFRUIT,SEASHELLS,4988.0,1
2644,-2,495500,,,STARFRUIT,SEASHELLS,4988.0,2
2646,-2,495900,,,STARFRUIT,SEASHELLS,4995.0,11
2647,-2,496000,,,STARFRUIT,SEASHELLS,4988.0,1
2648,-2,496400,,,STARFRUIT,SEASHELLS,4989.0,4
2651,-2,496900,,,STARFRUIT,SEASHELLS,4989.0,13
2654,-2,497600,,,STARFRUIT,SEASHELLS,4990.0,4
2656,-2,498200,,,STARFRUIT,SEASHELLS,4995.0,6
2658,-2,498600,,,STARFRUIT,SEASHELLS,4999.0,2
2659,-2,498600,,,STARFRUIT,SEASHELLS,4993.0,1
2661,-2,499000,,,STARFRUIT,SEASHELLS,4992.0,10
2662,-2,499400,,,STARFRUIT,SEASHELLS,4995.0,5
2663,-2,499400,,,STARFRUIT,SEASHELLS,4992.0,8
2664,-2,499500,,,STARFRUIT,SEASHELLS,4992.0,9
2665,-2,499600,,,STARFRUIT,SEASHELLS,4998.0,1
2666,-2,499600,,,STARFRUIT,SEASHELLS,4993.0,2
2668,-2,499700,,,STARFRUIT,SEASHELLS,4996.0,3
2669,-2,499700,,,STARFRUIT,SEASHELLS,4998.0,1
2671,-2,499800,,,STARFRUIT,SEASHELLS,4999.0,1
2673,-2,500200,,,STARFRUIT,SEASHELLS,4993.0,1
2676,-2,500300,,,STARFRUIT,SEASHELLS,4999.0,1
2677,-2,500700,,,STARFRUIT,SEASHELLS,4993.0,1
2680,-2,500900,,,STARFRUIT,SEASHELLS,4993.0,2
2685,-2,501600,,,STARFRUIT,SEASHELLS,4999.0,1
2688,-2,501900,,,STARFRUIT,SEASHELLS,4998.0,2
2693,-2,502300,,,STARFRUIT,SEASHELLS,4990.0,1
2694,-2,502600,,,STARFRUIT,SEASHELLS,4996.0,2
2697,-2,503000,,,STARFRUIT,SEASHELLS,4989.0,1
2701,-2,503100,,,STARFRUIT,SEASHELLS,4990.0,8
2702,-2,503300,,,STARFRUIT,SEASHELLS,4989.0,1
2704,-2,503900,,,STARFRUIT,SEASHELLS,4990.0,1
2705,-2,504100,,,STARFRUIT,SEASHELLS,4990.0,1
2706,-2,504400,,,STARFRUIT,SEASHELLS,4991.0,1
2707,-2,504600,,,STARFRUIT,SEASHELLS,4992.0,1
2708,-2,504700,,,STARFRUIT,SEASHELLS,4997.0,1
2709,-2,504900,,,STARFRUIT,SEASHELLS,4992.0,1
2710,-2,505100,,,STARFRUIT,SEASHELLS,4992.0,1
2711,-2,505800,,,STARFRUIT,SEASHELLS,4993.0,2
2713,-2,506000,,,STARFRUIT,SEASHELLS,4999.0,1
2715,-2,506100,,,STARFRUIT,SEASHELLS,4992.0,5
2718,-2,506200,,,STARFRUIT,SEASHELLS,4999.0,2
2719,-2,506300,,,STARFRUIT,SEASHELLS,4992.0,1
2720,-2,506300,,,STARFRUIT,SEASHELLS,4999.0,13
2721,-2,506300,,,STARFRUIT,SEASHELLS,4999.0,1
2725,-2,507600,,,STARFRUIT,SEASHELLS,5000.0,1
2726,-2,507600,,,STARFRUIT,SEASHELLS,4999.0,2
2728,-2,508100,,,STARFRUIT,SEASHELLS,5002.0,1
2731,-2,508600,,,STARFRUIT,SEASHELLS,4999.0,7
2733,-2,508800,,,STARFRUIT,SEASHELLS,5001.0,2
2734,-2,508800,,,STARFRUIT,SEASHELLS,4999.0,1
2735,-2,509100,,,STARFRUIT,SEASHELLS,5000.0,1
2736,-2,509500,,,STARFRUIT,SEASHELLS,5001.0,1
2739,-2,510000,,,STARFRUIT,SEASHELLS,4995.0,3
2740,-2,510700,,,STARFRUIT,SEASHELLS,4994.0,10
2745,-2,511300,,,STARFRUIT,SEASHELLS,5000.0,1
2747,-2,512000,,,STARFRUIT,SEASHELLS,5002.0,5
2748,-2,512000,,,STARFRUIT,SEASHELLS,5002.0,5
2749,-2,512100,,,STARFRUIT,SEASHELLS,4998.0,2
2750,-2,512100,,,STARFRUIT,SEASHELLS,4998.0,3
2751,-2,512200,,,STARFRUIT,SEASHELLS,4997.0,1
2756,-2,512500,,,STARFRUIT,SEASHELLS,5004.0,1
2757,-2,512700,,,STARFRUIT,SEASHELLS,4999.0,1
2758,-2,513000,,,STARFRUIT,SEASHELLS,5004.0,1
2759,-2,513300,,,STARFRUIT,SEASHELLS,5005.0,12
2760,-2,513500,,,STARFRUIT,SEASHELLS,5005.0,1
2763,-2,514500,,,STARFRUIT,SEASHELLS,5002.0,1
2764,-2,514900,,,STARFRUIT,SEASHELLS,4997.0,5
2769,-2,516400,,,STARFRUIT,SEASHELLS,5002.0,1
2770,-2,516600,,,STARFRUIT,SEASHELLS,5002.0,2
2772,-2,517100,,,STARFRUIT,SEASHELLS,4997.0,1
2775,-2,517200,,,STARFRUIT,SEASHELLS,4997.0,1
2776,-2,517300,,,STARFRUIT,SEASHELLS,4999.0,1
2777,-2,517400,,,STARFRUIT,SEASHELLS,4997.0,1
2779,-2,517600,,,STARFRUIT,SEASHELLS,4998.0,2
2783,-2,518300,,,STARFRUIT,SEASHELLS,4999.0,5
2784,-2,518500,,,STARFRUIT,SEASHELLS,4998.0,1
2785,-2,518500,,,STARFRUIT,SEASHELLS,5001.0,3
2786,-2,518600,,,STARFRUIT,SEASHELLS,5000.0,3
2787,-2,518600,,,STARFRUIT,SEASHELLS,4999.0,1
2789,-2,518700,,,STARFRUIT,SEASHELLS,4998.0,1
2793,-2,520100,,,STARFRUIT,SEASHELLS,5006.0,1
2796,-2,520300,,,STARFRUIT,SEASHELLS,5001.0,9
2797,-2,520500,,,STARFRUIT,SEASHELLS,5001.0,1
2798,-2,520600,,,STARFRUIT,SEASHELLS,5007.0,1
2799,-2,521200,,,STARFRUIT,SEASHELLS,5002.0,1
2801,-2,521200,,,STARFRUIT,SEASHELLS,5002.0,1
2802,-2,521500,,,STARFRUIT,SEASHELLS,5007.0,1
2812,-2,523700,,,STARFRUIT,SEASHELLS,5003.0,2
2813,-2,523800,,,STARFRUIT,SEASHELLS,5003.0,1
2814,-2,523800,,,STARFRUIT,SEASHELLS,5003.0,1
2817,-2,524500,,,STARFRUIT,SEASHELLS,5004.0,2
2818,-2,524900,,,STARFRUIT,SEASHELLS,5000.0,2
2824,-2,526200,,,STARFRUIT,SEASHELLS,5007.0,1
2826,-2,526400,,,STARFRUIT,SEASHELLS,5007.0,1
2827,-2,526600,,,STARFRUIT,SEASHELLS,5007.0,1
2832,-2,527400,,,STARFRUIT,SEASHELLS,5000.0,12
2833,-2,528500,,,STARFRUIT,SEASHELLS,4999.0,1
2834,-2,529300,,,STARFRUIT,SEASHELLS,4997.0,13
2835,-2,529600,,,STARFRUIT,SEASHELLS,4998.0,1
2836,-2,530200,,,STARFRUIT,SEASHELLS,4998.0,1
2838,-2,530300,,,STARFRUIT,SEASHELLS,5003.0,1
2839,-2,530700,,,STARFRUIT,SEASHELLS,5003.0,2
2841,-2,531100,,,STARFRUIT,SEASHELLS,4995.0,1
2842,-2,531300,,,STARFRUIT,SEASHELLS,4996.0,3
2843,-2,531500,,,STARFRUIT,SEASHELLS,4995.0,1
2845,-2,531800,,,STARFRUIT,SEASHELLS,4999.0,1
2849,-2,532400,,,STARFRUIT,SEASHELLS,4996.0,3
2851,-2,532500,,,STARFRUIT,SEASHELLS,4997.0,2
2852,-2,532800,,,STARFRUIT,SEASHELLS,4998.0,1
2853,-2,533000,,,STARFRUIT,SEASHELLS,4993.0,1
2854,-2,533200,,,STARFRUIT,SEASHELLS,4994.0,1
2855,-2,534100,,,STARFRUIT,SEASHELLS,4993.0,1
2857,-2,534400,,,STARFRUIT,SEASHELLS,4999.0,14
2858,-2,534400,,,STARFRUIT,SEASHELLS,4998.0,1
2859,-2,534400,,,STARFRUIT,SEASHELLS,4999.0,1
2861,-2,535400,,,STARFRUIT,SEASHELLS,5000.0,6
2862,-2,535400,,,STARFRUIT,SEASHELLS,4995.0,1
2863,-2,536000,,,STARFRUIT,SEASHELLS,4998.0,2
2866,-2,536100,,,STARFRUIT,SEASHELLS,5003.0,1
2868,-2,536200,,,STARFRUIT,SEASHELLS,4997.0,1
2869,-2,536300,,,STARFRUIT,SEASHELLS,4997.0,1
2873,-2,536900,,,STARFRUIT,SEASHELLS,4996.0,1
2875,-2,537300,,,STARFRUIT,SEASHELLS,5002.0,1
2877,-2,537600,,,STARFRUIT,SEASHELLS,5003.0,2
2878,-2,537600,,,STARFRUIT,SEASHELLS,5003.0,3
2879,-2,537700,,,STARFRUIT,SEASHELLS,5003.0,13
2880,-2,537700,,,STARFRUIT,SEASHELLS,5003.0,2
2881,-2,538200,,,STARFRUIT,SEASHELLS,5004.0,10
2882,-2,538300,,,STARFRUIT,SEASHELLS,4998.0,1
2883,-2,538700,,,STARFRUIT,SEASHELLS,5005.0,8
2884,-2,538800,,,STARFRUIT,SEASHELLS,5003.0,1
2886,-2,539400,,,STARFRUIT,SEASHELLS,4998.0,1
2888,-2,539500,,,STARFRUIT,SEASHELLS,5002.0,1
2889,-2,539500,,,STARFRUIT,SEASHELLS,5004.0,10
2891,-2,539600,,,STARFRUIT,SEASHELLS,4997.0,11
2895,-2,540300,,,STARFRUIT,SEASHELLS,4999.0,1
2896,-2,540400,,,STARFRUIT,SEASHELLS,4999.0,5
2897,-2,540400,,,STARFRUIT,SEASHELLS,4999.0,1
2900,-2,540700,,,STARFRUIT,SEASHELLS,5004.0,2
2901,-2,541200,,,STARFRUIT,SEASHELLS,5000.0,1
2902,-2,541200,,,STARFRUIT,SEASHELLS,5000.0,2
2905,-2,542000,,,STARFRUIT,SEASHELLS,4999.0,1
2906,-2,542100,,,STARFRUIT,SEASHELLS,5004.0,1
2908,-2,542200,,,STARFRUIT,SEASHELLS,4998.0,8
2909,-2,542400,,,STARFRUIT,SEASHELLS,4998.0,1
2912,-2,543100,,,STARFRUIT,SEASHELLS,5001.0,3
2913,-2,543300,,,STARFRUIT,SEASHELLS,5003.0,8
2914,-2,543300,,,STARFRUIT,SEASHELLS,5002.0,4
2915,-2,543500,,,STARFRUIT,SEASHELLS,4998.0,1
2916,-2,543800,,,STARFRUIT,SEASHELLS,4998.0,1
2917,-2,544100,,,STARFRUIT,SEASHELLS,4998.0,4
2918,-2,544400,,,STARFRUIT,SEASHELLS,5000.0,1
2919,-2,544400,,,STARFRUIT,SEASHELLS,5000.0,3
2920,-2,544400,,,STARFRUIT,SEASHELLS,5000.0,1
2921,-2,544400,,,STARFRUIT,SEASHELLS,5000.0,5
2922,-2,544400,,,STARFRUIT,SEASHELLS,5000.0,0
2925,-2,544500,,,STARFRUIT,SEASHELLS,4996.0,1
2926,-2,544600,,,STARFRUIT,SEASHELLS,5001.0,1
2929,-2,545200,,,STARFRUIT,SEASHELLS,4997.0,2
2930,-2,545900,,,STARFRUIT,SEASHELLS,4998.0,1
2932,-2,546400,,,STARFRUIT,SEASHELLS,4999.0,1
2933,-2,546500,,,STARFRUIT,SEASHELLS,5004.0,1
2934,-2,547100,,,STARFRUIT,SEASHELLS,4998.0,1
2935,-2,547600,,,STARFRUIT,SEASHELLS,5003.0,1
2941,-2,548400,,,STARFRUIT,SEASHELLS,4999.0,2
2943,-2,548500,,,STARFRUIT,SEASHELLS,4999.0,1
2944,-2,549200,,,STARFRUIT,SEASHELLS,5000.0,1
2945,-2,549300,,,STARFRUIT,SEASHELLS,5006.0,1
2946,-2,550000,,,STARFRUIT,SEASHELLS,5002.0,8
2947,-2,550500,,,STARFRUIT,SEASHELLS,5005.0,1
2949,-2,550600,,,STARFRUIT,SEASHELLS,5005.0,4
2951,-2,550800,,,STARFRUIT,SEASHELLS,5008.0,1
2953,-2,550900,,,STARFRUIT,SEASHELLS,5002.0,1
2954,-2,551000,,,STARFRUIT,SEASHELLS,5007.0,1
2956,-2,551300,,,STARFRUIT,SEASHELLS,5002.0,1
2957,-2,551300,,,STARFRUIT,SEASHELLS,5007.0,2
2958,-2,551300,,,STARFRUIT,SEASHELLS,5002.0,11
2960,-2,551400,,,STARFRUIT,SEASHELLS,5008.0,1
2961,-2,551600,,,STARFRUIT,SEASHELLS,5004.0,1
2963,-2,551700,,,STARFRUIT,SEASHELLS,5009.0,1
2966,-2,551900,,,STARFRUIT,SEASHELLS,5009.0,2
2967,-2,552000,,,STARFRUIT,SEASHELLS,5006.0,5
2968,-2,552300,,,STARFRUIT,SEASHELLS,5002.0,1
2969,-2,552600,,,STARFRUIT,SEASHELLS,5006.0,1
2971,-2,553000,,,STARFRUIT,SEASHELLS,5002.0,1
2973,-2,553600,,,STARFRUIT,SEASHELLS,5002.0,6
2974,-2,553700,,,STARFRUIT,SEASHELLS,5002.0,7
2976,-2,553900,,,STARFRUIT,SEASHELLS,5002.0,1
2977,-2,554300,,,STARFRUIT,SEASHELLS,5008.0,9
2978,-2,554300,,,STARFRUIT,SEASHELLS,5008.0,2
2982,-2,555100,,,STARFRUIT,SEASHELLS,5003.0,1
2984,-2,555300,,,STARFRUIT,SEASHELLS,5002.0,1
2986,-2,555400,,,STARFRUIT,SEASHELLS,5009.0,8
2989,-2,555600,,,STARFRUIT,SEASHELLS,5003.0,1
2990,-2,555700,,,STARFRUIT,SEASHELLS,5002.0,1
2991,-2,555800,,,STARFRUIT,SEASHELLS,5006.0,2
2992,-2,555900,,,STARFRUIT,SEASHELLS,5003.0,1
2993,-2,556000,,,STARFRUIT,SEASHELLS,5003.0,1
2996,-2,556700,,,STARFRUIT,SEASHELLS,5004.0,1
2999,-2,556900,,,STARFRUIT,SEASHELLS,5009.0,8
3000,-2,556900,,,STARFRUIT,SEASHELLS,5009.0,1
3001,-2,557900,,,STARFRUIT,SEASHELLS,5007.0,5
3004,-2,558300,,,STARFRUIT,SEASHELLS,5003.0,1
3006,-2,558800,,,STARFRUIT,SEASHELLS,5001.0,1
3008,-2,559300,,,STARFRUIT,SEASHELLS,5001.0,2
3009,-2,559300,,,STARFRUIT,SEASHELLS,5006.0,1
3010,-2,559700,,,STARFRUIT,SEASHELLS,5005.0,4
3012,-2,559900,,,STARFRUIT,SEASHELLS,5002.0,4
3014,-2,560300,,,STARFRUIT,SEASHELLS,5009.0,8
3015,-2,560500,,,STARFRUIT,SEASHELLS,5004.0,3
3016,-2,560600,,,STARFRUIT,SEASHELLS,5003.0,1
3019,-2,561100,,,STARFRUIT,SEASHELLS,5008.0,1
3021,-2,561500,,,STARFRUIT,SEASHELLS,5009.0,1
3022,-2,561700,,,STARFRUIT,SEASHELLS,5008.0,3
3024,-2,562100,,,STARFRUIT,SEASHELLS,5010.0,1
3025,-2,562500,,,STARFRUIT,SEASHELLS,5009.0,5
3026,-2,562800,,,STARFRUIT,SEASHELLS,5011.0,11
3027,-2,562900,,,STARFRUIT,SEASHELLS,5005.0,1
3029,-2,563400,,,STARFRUIT,SEASHELLS,5010.0,1
3030,-2,563600,,,STARFRUIT,SEASHELLS,5011.0,8
3032,-2,564100,,,STARFRUIT,SEASHELLS,5011.0,7
3033,-2,564100,,,STARFRUIT,SEASHELLS,5011.0,1
3036,-2,564800,,,STARFRUIT,SEASHELLS,5008.0,5
3038,-2,565600,,,STARFRUIT,SEASHELLS,5005.0,1
3039,-2,565700,,,STARFRUIT,SEASHELLS,5011.0,1
3040,-2,565900,,,STARFRUIT,SEASHELLS,5011.0,1
3041,-2,566000,,,STARFRUIT,SEASHELLS,5006.0,1
3042,-2,566200,,,STARFRUIT,SEASHELLS,5010.0,1
3044,-2,566200,,,STARFRUIT,SEASHELLS,5010.0,1
3045,-2,566600,,,STARFRUIT,SEASHELLS,5010.0,5
3047,-2,566800,,,STARFRUIT,SEASHELLS,5011.0,2
3049,-2,567000,,,STARFRUIT,SEASHELLS,5012.0,1
3051,-2,567200,,,STARFRUIT,SEASHELLS,5012.0,15
3052,-2,567300,,,STARFRUIT,SEASHELLS,5012.0,2
3054,-2,567400,,,STARFRUIT,SEASHELLS,5006.0,1
3058,-2,567700,,,STARFRUIT,SEASHELLS,5005.0,2
3059,-2,567800,,,STARFRUIT,SEASHELLS,5009.0,4
3061,-2,568400,,,STARFRUIT,SEASHELLS,5005.0,1
3062,-2,568500,,,STARFRUIT,SEASHELLS,5005.0,1
3063,-2,568700,,,STARFRUIT,SEASHELLS,5008.0,1
3068,-2,570500,,,STARFRUIT,SEASHELLS,5005.0,1
3070,-2,570700,,,STARFRUIT,SEASHELLS,5010.0,1
3072,-2,570800,,,STARFRUIT,SEASHELLS,5005.0,1
3074,-2,571200,,,STARFRUIT,SEASHELLS,5006.0,4
3075,-2,571300,,,STARFRUIT,SEASHELLS,5009.0,9
3078,-2,571900,,,STARFRUIT,SEASHELLS,5012.0,2
3081,-2,572600,,,STARFRUIT,SEASHELLS,5008.0,1
3083,-2,572900,,,STARFRUIT,SEASHELLS,5009.0,1
3085,-2,573000,,,STARFRUIT,SEASHELLS,5008.0,1
3086,-2,573300,,,STARFRUIT,SEASHELLS,5010.0,7
3087,-2,573300,,,STARFRUIT,SEASHELLS,5010.0,2
3088,-2,573800,,,STARFRUIT,SEASHELLS,5013.0,1
3089,-2,573800,,,STARFRUIT,SEASHELLS,5013.0,3
3090,-2,574000,,,STARFRUIT,SEASHELLS,5010.0,5
3094,-2,574000,,,STARFRUIT,SEASHELLS,5009.0,1
3097,-2,574500,,,STARFRUIT,SEASHELLS,5014.0,1
3098,-2,574600,,,STARFRUIT,SEASHELLS,5008.0,1
3102,-2,575000,,,STARFRUIT,SEASHELLS,5007.0,10
3105,-2,575800,,,STARFRUIT,SEASHELLS,5007.0,1
3108,-2,576100,,,STARFRUIT,SEASHELLS,5007.0,1
3111,-2,576300,,,STARFRUIT,SEASHELLS,5014.0,2
3113,-2,576700,,,STARFRUIT,SEASHELLS,5007.0,7
3116,-2,577000,,,STARFRUIT,SEASHELLS,5009.0,1
3119,-2,578200,,,STARFRUIT,SEASHELLS,5008.0,1
3120,-2,578300,,,STARFRUIT,SEASHELLS,5013.0,1
3121,-2,578400,,,STARFRUIT,SEASHELLS,5008.0,1
3124,-2,579300,,,STARFRUIT,SEASHELLS,5007.0,1
3125,-2,579600,,,STARFRUIT,SEASHELLS,5011.0,6
3126,-2,579800,,,STARFRUIT,SEASHELLS,5014.0,1
3130,-2,580700,,,STARFRUIT,SEASHELLS,5011.0,2
3134,-2,581200,,,STARFRUIT,SEASHELLS,5015.0,1
3136,-2,581300,,,STARFRUIT,SEASHELLS,5013.0,1
3137,-2,581700,,,STARFRUIT,SEASHELLS,5009.0,1
3138,-2,582200,,,STARFRUIT,SEASHELLS,5014.0,1
3139,-2,582700,,,STARFRUIT,SEASHELLS,5013.0,1
3144,-2,583700,,,STARFRUIT,SEASHELLS,5010.0,2
3145,-2,583700,,,STARFRUIT,SEASHELLS,5010.0,14
3146,-2,583800,,,STARFRUIT,SEASHELLS,5011.0,1
3147,-2,583900,,,STARFRUIT,SEASHELLS,5011.0,4
3148,-2,584000,,,STARFRUIT,SEASHELLS,5015.0,1
3149,-2,584200,,,STARFRUIT,SEASHELLS,5015.0,1
3150,-2,584400,,,STARFRUIT,SEASHELLS,5015.0,1
3151,-2,584800,,,STARFRUIT,SEASHELLS,5016.0,1
3152,-2,584900,,,STARFRUIT,SEASHELLS,5011.0,1
3154,-2,585100,,,STARFRUIT,SEASHELLS,5015.0,4
3155,-2,585100,,,STARFRUIT,SEASHELLS,5015.0,10
3157,-2,585500,,,STARFRUIT,SEASHELLS,5017.0,2
3159,-2,585800,,,STARFRUIT,SEASHELLS,5010.0,1
3161,-2,586200,,,STARFRUIT,SEASHELLS,5015.0,1
3163,-2,586500,,,STARFRUIT,SEASHELLS,5018.0,15
3165,-2,586500,,,STARFRUIT,SEASHELLS,5018.0,1
3167,-2,586800,,,STARFRUIT,SEASHELLS,5017.0,5
3168,-2,587100,,,STARFRUIT,SEASHELLS,5014.0,2
3169,-2,587100,,,STARFRUIT,SEASHELLS,5014.0,1
3171,-2,587200,,,STARFRUIT,SEASHELLS,5020.0,1
3173,-2,588600,,,STARFRUIT,SEASHELLS,5012.0,1
3175,-2,588800,,,STARFRUIT,SEASHELLS,5019.0,2
3177,-2,588900,,,STARFRUIT,SEASHELLS,5013.0,1
3179,-2,589000,,,STARFRUIT,SEASHELLS,5018.0,1
3180,-2,589100,,,STARFRUIT,SEASHELLS,5018.0,1
3181,-2,589700,,,STARFRUIT,SEASHELLS,5012.0,1
3182,-2,589800,,,STARFRUIT,SEASHELLS,5018.0,8
3186,-2,590600,,,STARFRUIT,SEASHELLS,5017.0,1
3190,-2,591300,,,STARFRUIT,SEASHELLS,5012.0,1
3192,-2,591500,,,STARFRUIT,SEASHELLS,5012.0,1
3193,-2,591900,,,STARFRUIT,SEASHELLS,5015.0,3
3194,-2,591900,,,STARFRUIT,SEASHELLS,5014.0,1
3195,-2,591900,,,STARFRUIT,SEASHELLS,5015.0,1
3198,-2,592200,,,STARFRUIT,SEASHELLS,5013.0,12
3199,-2,592200,,,STARFRUIT,SEASHELLS,5014.0,1
3201,-2,592400,,,STARFRUIT,SEASHELLS,5015.0,1
3203,-2,592500,,,STARFRUIT,SEASHELLS,5019.0,2
3205,-2,592900,,,STARFRUIT,SEASHELLS,5016.0,3
3206,-2,592900,,,STARFRUIT,SEASHELLS,5016.0,6
3208,-2,592900,,,STARFRUIT,SEASHELLS,5016.0,1
3210,-2,593100,,,STARFRUIT,SEASHELLS,5018.0,2
3212,-2,593300,,,STARFRUIT,SEASHELLS,5016.0,1
3217,-2,594800,,,STARFRUIT,SEASHELLS,5019.0,2
3219,-2,595000,,,STARFRUIT,SEASHELLS,5019.0,1
3222,-2,595300,,,STARFRUIT,SEASHELLS,5017.0,1
3223,-2,595400,,,STARFRUIT,SEASHELLS,5020.0,1
3224,-2,595500,,,STARFRUIT,SEASHELLS,5021.0,1
3226,-2,595700,,,STARFRUIT,SEASHELLS,5015.0,2
3227,-2,595800,,,STARFRUIT,SEASHELLS,5020.0,10
3229,-2,595800,,,STARFRUIT,SEASHELLS,5020.0,1
3230,-2,596100,,,STARFRUIT,SEASHELLS,5014.0,1
3231,-2,596300,,,STARFRUIT,SEASHELLS,5014.0,14
3232,-2,596600,,,STARFRUIT,SEASHELLS,5020.0,1
3236,-2,597500,,,STARFRUIT,SEASHELLS,5020.0,1
3239,-2,598000,,,STARFRUIT,SEASHELLS,5016.0,1
3242,-2,598200,,,STARFRUIT,SEASHELLS,5016.0,1
3245,-2,599000,,,STARFRUIT,SEASHELLS,5016.0,2
3246,-2,599000,,,STARFRUIT,SEASHELLS,5016.0,1
3248,-2,599100,,,STARFRUIT,SEASHELLS,5023.0,2
3249,-2,599300,,,STARFRUIT,SEASHELLS,5016.0,2
3251,-2,599400,,,STARFRUIT,SEASHELLS,5017.0,3
3253,-2,599600,,,STARFRUIT,SEASHELLS,5016.0,1
3254,-2,599600,,,STARFRUIT,SEASHELLS,5019.0,6
3255,-2,599600,,,STARFRUIT,SEASHELLS,5016.0,13
3257,-2,599700,,,STARFRUIT,SEASHELLS,5022.0,2
3259,-2,599800,,,STARFRUIT,SEASHELLS,5020.0,1
3260,-2,600000,,,STARFRUIT,SEASHELLS,5020.0,1
3262,-2,600200,,,STARFRUIT,SEASHELLS,5021.0,1
3264,-2,600400,,,STARFRUIT,SEASHELLS,5021.0,1
3267,-2,601500,,,STARFRUIT,SEASHELLS,5015.0,1
3270,-2,601600,,,STARFRUIT,SEASHELLS,5020.0,1
3272,-2,601700,,,STARFRUIT,SEASHELLS,5013.0,1
3273,-2,601900,,,STARFRUIT,SEASHELLS,5013.0,1
3274,-2,602400,,,STARFRUIT,SEASHELLS,5019.0,1
3276,-2,602700,,,STARFRUIT,SEASHELLS,5013.0,1
3277,-2,602700,,,STARFRUIT,SEASHELLS,5019.0,1
3279,-2,603000,,,STARFRUIT,SEASHELLS,5012.0,1
3280,-2,603600,,,STARFRUIT,SEASHELLS,5016.0,1
3281,-2,603900,,,STARFRUIT,SEASHELLS,5011.0,1
3282,-2,604100,,,STARFRUIT,SEASHELLS,5017.0,1
3284,-2,604800,,,STARFRUIT,SEASHELLS,5009.0,1
3286,-2,605200,,,STARFRUIT,SEASHELLS,5008.0,2
3287,-2,605300,,,STARFRUIT,SEASHELLS,5012.0,3
3288,-2,605700,,,STARFRUIT,SEASHELLS,5016.0,2
3290,-2,606100,,,STARFRUIT,SEASHELLS,5011.0,1
3291,-2,606200,,,STARFRUIT,SEASHELLS,5016.0,1
3292,-2,606300,,,STARFRUIT,SEASHELLS,5016.0,1
3293,-2,606300,,,STARFRUIT,SEASHELLS,5016.0,3
3294,-2,606600,,,STARFRUIT,SEASHELLS,5012.0,2
3300,-2,608100,,,STARFRUIT,SEASHELLS,5018.0,11
3302,-2,608400,,,STARFRUIT,SEASHELLS,5011.0,2
3303,-2,608800,,,STARFRUIT,SEASHELLS,5013.0,1
3305,-2,609100,,,STARFRUIT,SEASHELLS,5019.0,4
3306,-2,609700,,,STARFRUIT,SEASHELLS,5017.0,1
3307,-2,609800,,,STARFRUIT,SEASHELLS,5016.0,1
3308,-2,609900,,,STARFRUIT,SEASHELLS,5011.0,1
3310,-2,610100,,,STARFRUIT,SEASHELLS,5012.0,1
3312,-2,610200,,,STARFRUIT,SEASHELLS,5011.0,2
3313,-2,610200,,,STARFRUIT,SEASHELLS,5016.0,1
3315,-2,610400,,,STARFRUIT,SEASHELLS,5012.0,2
3317,-2,610800,,,STARFRUIT,SEASHELLS,5011.0,1
3318,-2,610800,,,STARFRUIT,SEASHELLS,5013.0,1
3323,-2,611700,,,STARFRUIT,SEASHELLS,5010.0,15
3325,-2,612300,,,STARFRUIT,SEASHELLS,5017.0,1
3326,-2,612400,,,STARFRUIT,SEASHELLS,5017.0,2
3327,-2,612500,,,STARFRUIT,SEASHELLS,5013.0,1
3330,-2,612900,,,STARFRUIT,SEASHELLS,5013.0,1
3332,-2,613100,,,STARFRUIT,SEASHELLS,5013.0,1
3333,-2,613700,,,STARFRUIT,SEASHELLS,5019.0,1
3335,-2,614000,,,STARFRUIT,SEASHELLS,5021.0,1
3336,-2,614000,,,STARFRUIT,SEASHELLS,5014.0,1
3338,-2,614400,,,STARFRUIT,SEASHELLS,5020.0,1
3339,-2,614800,,,STARFRUIT,SEASHELLS,5016.0,2
3343,-2,615100,,,STARFRUIT,SEASHELLS,5019.0,2
3344,-2,615300,,,STARFRUIT,SEASHELLS,5019.0,2
3347,-2,615700,,,STARFRUIT,SEASHELLS,5014.0,1
3348,-2,616600,,,STARFRUIT,SEASHELLS,5020.0,11
3349,-2,617300,,,STARFRUIT,SEASHELLS,5013.0,1
3351,-2,617600,,,STARFRUIT,SEASHELLS,5013.0,1
3352,-2,617600,,,STARFRUIT,SEASHELLS,5013.0,7
3354,-2,617700,,,STARFRUIT,SEASHELLS,5012.0,2
3356,-2,618400,,,STARFRUIT,SEASHELLS,5012.0,1
3358,-2,618800,,,STARFRUIT,SEASHELLS,5016.0,5
3359,-2,619000,,,STARFRUIT,SEASHELLS,5011.0,1
3361,-2,619200,,,STARFRUIT,SEASHELLS,5016.0,1
3362,-2,619400,,,STARFRUIT,SEASHELLS,5012.0,1
3364,-2,619500,,,STARFRUIT,SEASHELLS,5011.0,1
3365,-2,620500,,,STARFRUIT,SEASHELLS,5017.0,1
3368,-2,621700,,,STARFRUIT,SEASHELLS,5010.0,8
3369,-2,621900,,,STARFRUIT,SEASHELLS,5016.0,1
3371,-2,622300,,,STARFRUIT,SEASHELLS,5011.0,2
3373,-2,622500,,,STARFRUIT,SEASHELLS,5017.0,1
3375,-2,622800,,,STARFRUIT,SEASHELLS,5018.0,2
3377,-2,623500,,,STARFRUIT,SEASHELLS,5013.0,1
3378,-2,623600,,,STARFRUIT,SEASHELLS,5013.0,1
3380,-2,624500,,,STARFRUIT,SEASHELLS,5010.0,8
3381,-2,624600,,,STARFRUIT,SEASHELLS,5014.0,3
3382,-2,624600,,,STARFRUIT,SEASHELLS,5014.0,10
3383,-2,624700,,,STARFRUIT,SEASHELLS,5009.0,1
3389,-2,625700,,,STARFRUIT,SEASHELLS,5018.0,2
3390,-2,625700,,,STARFRUIT,SEASHELLS,5011.0,13
3391,-2,625800,,,STARFRUIT,SEASHELLS,5018.0,1
3393,-2,626300,,,STARFRUIT,SEASHELLS,5017.0,1
3395,-2,626800,,,STARFRUIT,SEASHELLS,5017.0,1
3397,-2,626900,,,STARFRUIT,SEASHELLS,5011.0,1
3398,-2,627200,,,STARFRUIT,SEASHELLS,5012.0,1
3399,-2,627300,,,STARFRUIT,SEASHELLS,5012.0,1
3403,-2,627700,,,STARFRUIT,SEASHELLS,5017.0,1
3405,-2,627800,,,STARFRUIT,SEASHELLS,5018.0,1
3406,-2,628300,,,STARFRUIT,SEASHELLS,5013.0,1
3408,-2,628400,,,STARFRUIT,SEASHELLS,5017.0,1
3409,-2,628700,,,STARFRUIT,SEASHELLS,5011.0,2
3411,-2,628800,,,STARFRUIT,SEASHELLS,5015.0,5
3412,-2,628800,,,STARFRUIT,SEASHELLS,5016.0,1
3413,-2,629200,,,STARFRUIT,SEASHELLS,5009.0,1
3415,-2,629700,,,STARFRUIT,SEASHELLS,5016.0,14
3417,-2,629900,,,STARFRUIT,SEASHELLS,5009.0,2
3418,-2,630100,,,STARFRUIT,SEASHELLS,5009.0,1
3421,-2,630300,,,STARFRUIT,SEASHELLS,5015.0,2
3423,-2,630500,,,STARFRUIT,SEASHELLS,5009.0,1
3424,-2,630900,,,STARFRUIT,SEASHELLS,5011.0,3
3425,-2,631300,,,STARFRUIT,SEASHELLS,5013.0,1
3426,-2,631500,,,STARFRUIT,SEASHELLS,5009.0,3
3427,-2,631800,,,STARFRUIT,SEASHELLS,5008.0,4
3429,-2,632300,,,STARFRUIT,SEASHELLS,5009.0,9
3432,-2,633100,,,STARFRUIT,SEASHELLS,5012.0,6
3433,-2,633100,,,STARFRUIT,SEASHELLS,5011.0,2
3434,-2,633100,,,STARFRUIT,SEASHELLS,5010.0,1
3435,-2,633600,,,STARFRUIT,SEASHELLS,5010.0,6
3437,-2,633700,,,STARFRUIT,SEASHELLS,5017.0,1
3438,-2,634000,,,STARFRUIT,SEASHELLS,5016.0,1
3441,-2,634100,,,STARFRUIT,SEASHELLS,5011.0,1
3443,-2,634400,,,STARFRUIT,SEASHELLS,5017.0,1
3444,-2,634500,,,STARFRUIT,SEASHELLS,5011.0,1
3445,-2,635000,,,STARFRUIT,SEASHELLS,5012.0,1
3446,-2,635400,,,STARFRUIT,SEASHELLS,5018.0,1
3447,-2,635500,,,STARFRUIT,SEASHELLS,5019.0,14
3448,-2,635600,,,STARFRUIT,SEASHELLS,5013.0,6
3449,-2,635600,,,STARFRUIT,SEASHELLS,5013.0,8
3450,-2,635700,,,STARFRUIT,SEASHELLS,5017.0,1
3452,-2,636000,,,STARFRUIT,SEASHELLS,5017.0,1
3454,-2,637500,,,STARFRUIT,SEASHELLS,5009.0,3
3455,-2,637500,,,STARFRUIT,SEASHELLS,5009.0,7
3456,-2,637500,,,STARFRUIT,SEASHELLS,5008.0,1
3457,-2,637600,,,STARFRUIT,SEASHELLS,5015.0,6
3458,-2,637600,,,STARFRUIT,SEASHELLS,5015.0,2
3460,-2,637900,,,STARFRUIT,SEASHELLS,5016.0,2
3463,-2,638200,,,STARFRUIT,SEASHELLS,5016.0,1
3464,-2,638300,,,STARFRUIT,SEASHELLS,5016.0,1
3465,-2,638500,,,STARFRUIT,SEASHELLS,5012.0,1
3466,-2,638800,,,STARFRUIT,SEASHELLS,5018.0,12
3467,-2,638800,,,STARFRUIT,SEASHELLS,5018.0,1
3468,-2,639000,,,STARFRUIT,SEASHELLS,5017.0,1
3469,-2,639300,,,STARFRUIT,SEASHELLS,5011.0,1
3470,-2,639700,,,STARFRUIT,SEASHELLS,5012.0,2
3471,-2,639900,,,STARFRUIT,SEASHELLS,5011.0,1
3473,-2,640000,,,STARFRUIT,SEASHELLS,5011.0,1
3475,-2,640700,,,STARFRUIT,SEASHELLS,5018.0,11
3477,-2,641200,,,STARFRUIT,SEASHELLS,5016.0,3
3478,-2,641400,,,STARFRUIT,SEASHELLS,5016.0,1
3482,-2,642000,,,STARFRUIT,SEASHELLS,5015.0,1
3484,-2,642100,,,STARFRUIT,SEASHELLS,5011.0,1
3485,-2,642300,,,STARFRUIT,SEASHELLS,5011.0,1
3488,-2,642700,,,STARFRUIT,SEASHELLS,5017.0,2
3490,-2,643000,,,STARFRUIT,SEASHELLS,5016.0,1
3493,-2,643400,,,STARFRUIT,SEASHELLS,5011.0,1
3494,-2,643500,,,STARFRUIT,SEASHELLS,5011.0,7
3495,-2,643600,,,STARFRUIT,SEASHELLS,5010.0,1
3497,-2,644100,,,STARFRUIT,SEASHELLS,5010.0,1
3499,-2,644400,,,STARFRUIT,SEASHELLS,5009.0,1
3500,-2,644500,,,STARFRUIT,SEASHELLS,5009.0,1
3503,-2,644600,,,STARFRUIT,SEASHELLS,5009.0,2
3504,-2,644700,,,STARFRUIT,SEASHELLS,5016.0,5
3508,-2,646100,,,STARFRUIT,SEASHELLS,5009.0,12
3514,-2,647400,,,STARFRUIT,SEASHELLS,5009.0,1
3515,-2,647500,,,STARFRUIT,SEASHELLS,5009.0,1
3516,-2,647600,,,STARFRUIT,SEASHELLS,5013.0,3
3517,-2,648000,,,STARFRUIT,SEASHELLS,5011.0,1
3519,-2,648500,,,STARFRUIT,SEASHELLS,5011.0,7
3520,-2,648500,,,STARFRUIT,SEASHELLS,5011.0,1
3522,-2,648700,,,STARFRUIT,SEASHELLS,5011.0,1
3523,-2,648900,,,STARFRUIT,SEASHELLS,5011.0,1
3524,-2,649100,,,STARFRUIT,SEASHELLS,5010.0,1
3525,-2,649200,,,STARFRUIT,SEASHELLS,5011.0,8
3526,-2,649200,,,STARFRUIT,SEASHELLS,5011.0,6
3527,-2,649700,,,STARFRUIT,SEASHELLS,5009.0,8
3528,-2,649900,,,STARFRUIT,SEASHELLS,5010.0,9
3530,-2,650300,,,STARFRUIT,SEASHELLS,5017.0,1
3533,-2,651000,,,STARFRUIT,SEASHELLS,5015.0,2
3535,-2,651100,,,STARFRUIT,SEASHELLS,5013.0,2
3538,-2,651300,,,STARFRUIT,SEASHELLS,5009.0,1
3540,-2,651500,,,STARFRUIT,SEASHELLS,5009.0,1
3541,-2,651600,,,STARFRUIT,SEASHELLS,5014.0,1
3542,-2,651700,,,STARFRUIT,SEASHELLS,5009.0,7
3543,-2,651700,,,STARFRUIT,SEASHELLS,5009.0,1
3544,-2,651900,,,STARFRUIT,SEASHELLS,5008.0,1
3546,-2,652100,,,STARFRUIT,SEASHELLS,5009.0,1
3548,-2,652500,,,STARFRUIT,SEASHELLS,5017.0,1
3551,-2,653800,,,STARFRUIT,SEASHELLS,5010.0,6
3552,-2,653800,,,STARFRUIT,SEASHELLS,5010.0,1
3553,-2,653900,,,STARFRUIT,SEASHELLS,5010.0,3
3555,-2,654600,,,STARFRUIT,SEASHELLS,5009.0,8
3556,-2,654600,,,STARFRUIT,SEASHELLS,5009.0,1
3557,-2,654600,,,STARFRUIT,SEASHELLS,5009.0,1
3558,-2,654600,,,STARFRUIT,SEASHELLS,5009.0,0
3559,-2,655400,,,STARFRUIT,SEASHELLS,5010.0,8
3562,-2,656000,,,STARFRUIT,SEASHELLS,5009.0,1
3563,-2,656000,,,STARFRUIT,SEASHELLS,5016.0,5
3568,-2,656800,,,STARFRUIT,SEASHELLS,5010.0,2
3570,-2,657500,,,STARFRUIT,SEASHELLS,5008.0,1
3575,-2,658400,,,STARFRUIT,SEASHELLS,5008.0,1
3576,-2,658800,,,STARFRUIT,SEASHELLS,5008.0,1
3577,-2,658900,,,STARFRUIT,SEASHELLS,5013.0,1
3580,-2,659500,,,STARFRUIT,SEASHELLS,5016.0,1
3582,-2,659800,,,STARFRUIT,SEASHELLS,5017.0,7
3583,-2,660200,,,STARFRUIT,SEASHELLS,5011.0,1
3586,-2,660500,,,STARFRUIT,SEASHELLS,5012.0,1
3587,-2,660600,,,STARFRUIT,SEASHELLS,5019.0,5
3588,-2,660700,,,STARFRUIT,SEASHELLS,5016.0,4
3589,-2,661000,,,STARFRUIT,SEASHELLS,5013.0,1
3590,-2,661100,,,STARFRUIT,SEASHELLS,5013.0,1
3592,-2,661100,,,STARFRUIT,SEASHELLS,5017.0,2
3593,-2,661100,,,STARFRUIT,SEASHELLS,5017.0,4
3596,-2,662200,,,STARFRUIT,SEASHELLS,5015.0,1
3597,-2,662300,,,STARFRUIT,SEASHELLS,5016.0,1
3598,-2,662500,,,STARFRUIT,SEASHELLS,5016.0,9
3599,-2,662500,,,STARFRUIT,SEASHELLS,5016.0,1
3600,-2,662600,,,STARFRUIT,SEASHELLS,5023.0,2
3604,-2,662900,,,STARFRUIT,SEASHELLS,5018.0,1
3605,-2,663000,,,STARFRUIT,SEASHELLS,5024.0,2
3609,-2,664700,,,STARFRUIT,SEASHELLS,5024.0,2
3611,-2,664800,,,STARFRUIT,SEASHELLS,5022.0,1
3613,-2,664900,,,STARFRUIT,SEASHELLS,5017.0,2
3614,-2,665000,,,STARFRUIT,SEASHELLS,5018.0,1
3616,-2,665200,,,STARFRUIT,SEASHELLS,5018.0,1
3617,-2,665200,,,STARFRUIT,SEASHELLS,5018.0,8
3619,-2,665400,,,STARFRUIT,SEASHELLS,5017.0,2
3621,-2,665500,,,STARFRUIT,SEASHELLS,5017.0,1
3624,-2,665700,,,STARFRUIT,SEASHELLS,5024.0,2
3627,-2,666600,,,STARFRUIT,SEASHELLS,5023.0,1
3628,-2,666700,,,STARFRUIT,SEASHELLS,5018.0,1
3629,-2,666800,,,STARFRUIT,SEASHELLS,5024.0,1
3632,-2,667400,,,STARFRUIT,SEASHELLS,5022.0,5
3633,-2,667700,,,STARFRUIT,SEASHELLS,5021.0,5
3634,-2,667800,,,STARFRUIT,SEASHELLS,5022.0,5
3638,-2,668300,,,STARFRUIT,SEASHELLS,5019.0,14
3639,-2,668300,,,STARFRUIT,SEASHELLS,5024.0,1
3640,-2,668300,,,STARFRUIT,SEASHELLS,5024.0,1
3643,-2,668400,,,STARFRUIT,SEASHELLS,5024.0,9
3644,-2,668400,,,STARFRUIT,SEASHELLS,5019.0,1
3646,-2,668800,,,STARFRUIT,SEASHELLS,5019.0,1
3647,-2,669100,,,STARFRUIT,SEASHELLS,5024.0,2
3648,-2,669400,,,STARFRUIT,SEASHELLS,5018.0,5
3649,-2,669600,,,STARFRUIT,SEASHELLS,5018.0,1
3651,-2,669600,,,STARFRUIT,SEASHELLS,5022.0,1
3652,-2,669700,,,STARFRUIT,SEASHELLS,5018.0,1
3654,-2,669900,,,STARFRUIT,SEASHELLS,5023.0,1
3655,-2,670700,,,STARFRUIT,SEASHELLS,5025.0,7
3656,-2,670800,,,STARFRUIT,SEASHELLS,5025.0,1
3657,-2,670800,,,STARFRUIT,SEASHELLS,5018.0,1
3659,-2,671200,,,STARFRUIT,SEASHELLS,5021.0,1
3660,-2,671200,,,STARFRUIT,SEASHELLS,5022.0,2
3662,-2,671600,,,STARFRUIT,SEASHELLS,5018.0,1
3663,-2,671800,,,STARFRUIT,SEASHELLS,5024.0,8
3666,-2,672600,,,STARFRUIT,SEASHELLS,5023.0,1
3667,-2,673000,,,STARFRUIT,SEASHELLS,5017.0,6
3668,-2,673200,,,STARFRUIT,SEASHELLS,5021.0,2
3669,-2,673700,,,STARFRUIT,SEASHELLS,5017.0,2
3671,-2,673900,,,STARFRUIT,SEASHELLS,5019.0,1
3673,-2,674600,,,STARFRUIT,SEASHELLS,5027.0,2
3674,-2,674700,,,STARFRUIT,SEASHELLS,5020.0,1
3677,-2,674800,,,STARFRUIT,SEASHELLS,5020.0,2
3678,-2,674800,,,STARFRUIT,SEASHELLS,5020.0,8
3679,-2,675600,,,STARFRUIT,SEASHELLS,5022.0,1
3680,-2,675800,,,STARFRUIT,SEASHELLS,5023.0,5
3682,-2,675900,,,STARFRUIT,SEASHELLS,5029.0,2
3691,-2,677500,,,STARFRUIT,SEASHELLS,5026.0,4
3692,-2,677500,,,STARFRUIT,SEASHELLS,5025.0,1
3693,-2,677600,,,STARFRUIT,SEASHELLS,5031.0,4
3694,-2,677700,,,STARFRUIT,SEASHELLS,5025.0,2
3695,-2,677800,,,STARFRUIT,SEASHELLS,5025.0,2
3697,-2,678000,,,STARFRUIT,SEASHELLS,5030.0,1
3699,-2,678100,,,STARFRUIT,SEASHELLS,5029.0,1
3702,-2,678400,,,STARFRUIT,SEASHELLS,5024.0,4
3703,-2,678600,,,STARFRUIT,SEASHELLS,5024.0,1
3705,-2,679000,,,STARFRUIT,SEASHELLS,5030.0,1
3707,-2,679100,,,STARFRUIT,SEASHELLS,5031.0,1
3712,-2,679300,,,STARFRUIT,SEASHELLS,5026.0,2
3714,-2,679900,,,STARFRUIT,SEASHELLS,5033.0,15
3715,-2,680000,,,STARFRUIT,SEASHELLS,5029.0,5
3718,-2,680500,,,STARFRUIT,SEASHELLS,5032.0,1
3719,-2,680600,,,STARFRUIT,SEASHELLS,5024.0,14
3720,-2,680600,,,STARFRUIT,SEASHELLS,5026.0,3
3721,-2,680900,,,STARFRUIT,SEASHELLS,5030.0,1
3724,-2,681600,,,STARFRUIT,SEASHELLS,5023.0,2
3726,-2,682000,,,STARFRUIT,SEASHELLS,5026.0,1
3727,-2,682000,,,STARFRUIT,SEASHELLS,5022.0,8
3728,-2,682300,,,STARFRUIT,SEASHELLS,5026.0,8
3729,-2,682700,,,STARFRUIT,SEASHELLS,5022.0,1
3734,-2,683200,,,STARFRUIT,SEASHELLS,5025.0,1
3735,-2,683300,,,STARFRUIT,SEASHELLS,5023.0,5
3738,-2,683600,,,STARFRUIT,SEASHELLS,5021.0,1
3739,-2,683600,,,STARFRUIT,SEASHELLS,5021.0,8
3740,-2,683600,,,STARFRUIT,SEASHELLS,5021.0,1
3741,-2,684100,,,STARFRUIT,SEASHELLS,5027.0,1
3742,-2,684900,,,STARFRUIT,SEASHELLS,5024.0,7
3743,-2,685500,,,STARFRUIT,SEASHELLS,5026.0,2
3745,-2,685900,,,STARFRUIT,SEASHELLS,5030.0,10
3746,-2,685900,,,STARFRUIT,SEASHELLS,5023.0,1
3747,-2,686300,,,STARFRUIT,SEASHELLS,5029.0,7
3751,-2,687100,,,STARFRUIT,SEASHELLS,5030.0,1
3752,-2,687200,,,STARFRUIT,SEASHELLS,5025.0,1
3754,-2,687400,,,STARFRUIT,SEASHELLS,5026.0,1
3757,-2,687400,,,STARFRUIT,SEASHELLS,5026.0,1
3758,-2,687500,,,STARFRUIT,SEASHELLS,5031.0,1
3759,-2,687500,,,STARFRUIT,SEASHELLS,5032.0,11
3760,-2,687700,,,STARFRUIT,SEASHELLS,5031.0,13
3761,-2,687700,,,STARFRUIT,SEASHELLS,5031.0,2
3762,-2,687900,,,STARFRUIT,SEASHELLS,5026.0,1
3763,-2,687900,,,STARFRUIT,SEASHELLS,5026.0,1
3764,-2,688000,,,STARFRUIT,SEASHELLS,5026.0,1
3766,-2,688300,,,STARFRUIT,SEASHELLS,5025.0,2
3768,-2,688300,,,STARFRUIT,SEASHELLS,5025.0,1
3769,-2,688800,,,STARFRUIT,SEASHELLS,5027.0,3
3770,-2,688900,,,STARFRUIT,SEASHELLS,5026.0,1
3771,-2,689200,,,STARFRUIT,SEASHELLS,5032.0,1
3772,-2,689200,,,STARFRUIT,SEASHELLS,5032.0,8
3774,-2,689200,,,STARFRUIT,SEASHELLS,5026.0,1
3775,-2,689600,,,STARFRUIT,SEASHELLS,5028.0,6
3776,-2,690000,,,STARFRUIT,SEASHELLS,5031.0,1
3777,-2,690200,,,STARFRUIT,SEASHELLS,5026.0,1
3781,-2,690700,,,STARFRUIT,SEASHELLS,5026.0,7
3782,-2,690700,,,STARFRUIT,SEASHELLS,5026.0,1
3785,-2,691000,,,STARFRUIT,SEASHELLS,5031.0,6
3787,-2,691500,,,STARFRUIT,SEASHELLS,5032.0,15
3788,-2,691900,,,STARFRUIT,SEASHELLS,5031.0,2
3794,-2,693200,,,STARFRUIT,SEASHELLS,5023.0,1
3795,-2,693300,,,STARFRUIT,SEASHELLS,5028.0,1
3796,-2,693400,,,STARFRUIT,SEASHELLS,5024.0,1
3797,-2,693400,,,STARFRUIT,SEASHELLS,5024.0,2
3798,-2,693500,,,STARFRUIT,SEASHELLS,5028.0,1
3799,-2,693900,,,STARFRUIT,SEASHELLS,5022.0,1
3800,-2,694200,,,STARFRUIT,SEASHELLS,5026.0,4
3801,-2,694200,,,STARFRUIT,SEASHELLS,5026.0,8
3802,-2,694200,,,STARFRUIT,SEASHELLS,5022.0,1
3803,-2,694300,,,STARFRUIT,SEASHELLS,5027.0,1
3805,-2,694500,,,STARFRUIT,SEASHELLS,5027.0,1
3806,-2,694700,,,STARFRUIT,SEASHELLS,5026.0,5
3808,-2,694800,,,STARFRUIT,SEASHELLS,5028.0,1
3809,-2,695800,,,STARFRUIT,SEASHELLS,5020.0,1
3811,-2,696000,,,STARFRUIT,SEASHELLS,5020.0,2
3813,-2,696800,,,STARFRUIT,SEASHELLS,5027.0,2
3815,-2,696900,,,STARFRUIT,SEASHELLS,5020.0,14
3816,-2,697000,,,STARFRUIT,SEASHELLS,5025.0,1
3817,-2,697200,,,STARFRUIT,SEASHELLS,5023.0,3
3819,-2,697400,,,STARFRUIT,SEASHELLS,5020.0,1
3821,-2,697600,,,STARFRUIT,SEASHELLS,5026.0,1
3823,-2,699100,,,STARFRUIT,SEASHELLS,5020.0,1
3824,-2,699300,,,STARFRUIT,SEASHELLS,5025.0,1
3829,-2,699900,,,STARFRUIT,SEASHELLS,5020.0,1
3834,-2,700600,,,STARFRUIT,SEASHELLS,5020.0,1
3836,-2,700700,,,STARFRUIT,SEASHELLS,5026.0,1
3837,-2,700900,,,STARFRUIT,SEASHELLS,5025.0,2
3840,-2,701300,,,STARFRUIT,SEASHELLS,5026.0,1
3841,-2,701300,,,STARFRUIT,SEASHELLS,5028.0,1
3844,-2,701400,,,STARFRUIT,SEASHELLS,5027.0,1
3845,-2,701700,,,STARFRUIT,SEASHELLS,5021.0,1
3846,-2,702200,,,STARFRUIT,SEASHELLS,5021.0,4
3847,-2,702200,,,STARFRUIT,SEASHELLS,5021.0,11
3848,-2,702300,,,STARFRUIT,SEASHELLS,5020.0,15
3849,-2,702500,,,STARFRUIT,SEASHELLS,5025.0,2
3850,-2,702600,,,STARFRUIT,SEASHELLS,5025.0,11
3851,-2,702600,,,STARFRUIT,SEASHELLS,5025.0,4
3852,-2,702900,,,STARFRUIT,SEASHELLS,5020.0,1
3853,-2,703000,,,STARFRUIT,SEASHELLS,5020.0,1
3854,-2,703000,,,STARFRUIT,SEASHELLS,5020.0,1
3857,-2,703600,,,STARFRUIT,SEASHELLS,5019.0,2
3858,-2,703700,,,STARFRUIT,SEASHELLS,5025.0,2
3859,-2,703700,,,STARFRUIT,SEASHELLS,5019.0,1
3863,-2,704500,,,STARFRUIT,SEASHELLS,5025.0,3
3864,-2,704500,,,STARFRUIT,SEASHELLS,5025.0,6
3867,-2,705100,,,STARFRUIT,SEASHELLS,5024.0,2
3869,-2,705500,,,STARFRUIT,SEASHELLS,5019.0,1
3874,-2,705800,,,STARFRUIT,SEASHELLS,5026.0,1
3875,-2,705900,,,STARFRUIT,SEASHELLS,5022.0,2
3876,-2,706100,,,STARFRUIT,SEASHELLS,5021.0,1
3877,-2,706400,,,STARFRUIT,SEASHELLS,5021.0,11
3878,-2,706700,,,STARFRUIT,SEASHELLS,5026.0,9
3879,-2,706800,,,STARFRUIT,SEASHELLS,5022.0,3
3880,-2,706800,,,STARFRUIT,SEASHELLS,5021.0,1
3881,-2,706900,,,STARFRUIT,SEASHELLS,5021.0,1
3882,-2,707000,,,STARFRUIT,SEASHELLS,5027.0,1
3884,-2,707400,,,STARFRUIT,SEASHELLS,5026.0,4
3886,-2,707600,,,STARFRUIT,SEASHELLS,5022.0,1
3889,-2,707800,,,STARFRUIT,SEASHELLS,5028.0,7
3892,-2,707900,,,STARFRUIT,SEASHELLS,5027.0,1
3893,-2,707900,,,STARFRUIT,SEASHELLS,5025.0,3
3894,-2,708200,,,STARFRUIT,SEASHELLS,5021.0,2
3896,-2,708500,,,STARFRUIT,SEASHELLS,5022.0,1
3897,-2,708600,,,STARFRUIT,SEASHELLS,5026.0,3
3899,-2,708900,,,STARFRUIT,SEASHELLS,5022.0,1
3901,-2,709400,,,STARFRUIT,SEASHELLS,5030.0,1
3903,-2,709500,,,STARFRUIT,SEASHELLS,5029.0,1
3906,-2,709700,,,STARFRUIT,SEASHELLS,5024.0,7
3907,-2,709700,,,STARFRUIT,SEASHELLS,5024.0,3
3908,-2,709800,,,STARFRUIT,SEASHELLS,5024.0,5
3911,-2,710500,,,STARFRUIT,SEASHELLS,5023.0,2
3913,-2,711000,,,STARFRUIT,SEASHELLS,5024.0,1
3914,-2,711100,,,STARFRUIT,SEASHELLS,5025.0,5
3915,-2,711100,,,STARFRUIT,SEASHELLS,5024.0,2
3916,-2,711100,,,STARFRUIT,SEASHELLS,5024.0,1
3919,-2,711300,,,STARFRUIT,SEASHELLS,5024.0,2
3920,-2,711400,,,STARFRUIT,SEASHELLS,5024.0,1
3922,-2,711500,,,STARFRUIT,SEASHELLS,5031.0,1
3925,-2,711600,,,STARFRUIT,SEASHELLS,5024.0,2
3927,-2,712400,,,STARFRUIT,SEASHELLS,5025.0,1
3929,-2,712500,,,STARFRUIT,SEASHELLS,5025.0,1
3932,-2,713200,,,STARFRUIT,SEASHELLS,5025.0,1
3934,-2,713200,,,STARFRUIT,SEASHELLS,5025.0,1
3936,-2,713500,,,STARFRUIT,SEASHELLS,5030.0,1
3937,-2,713700,,,STARFRUIT,SEASHELLS,5032.0,9
3938,-2,713800,,,STARFRUIT,SEASHELLS,5032.0,5
3941,-2,714800,,,STARFRUIT,SEASHELLS,5028.0,1
3942,-2,714800,,,STARFRUIT,SEASHELLS,5028.0,4
3943,-2,715500,,,STARFRUIT,SEASHELLS,5025.0,2
3945,-2,715600,,,STARFRUIT,SEASHELLS,5030.0,1
3949,-2,717000,,,STARFRUIT,SEASHELLS,5028.0,1
3950,-2,717200,,,STARFRUIT,SEASHELLS,5033.0,1
3952,-2,717300,,,STARFRUIT,SEASHELLS,5028.0,2
3953,-2,717900,,,STARFRUIT,SEASHELLS,5029.0,1
